3008 4978
433 1344 884 1483 1111111111,

584 1623 737 1634 ——n—n—

144 1846 227 1942 Cum
256 1876 336 1941 mihi
367 1877 405 1942 ab
436 1876 605 1943 Academia
637 1876 813 1942 litterarum
843 1875 1075 1942 Vindobonensi
1109 1897 1221 1943 munus

28 1991 29 2018 l
105 1983 240 2048 oblatum
276 1989 368 2064 esset,
405 1986 441 2049 ut
476 1990 544 2067 post
571 1984 708 2066 Sauppii,
732 1983 793 2049 uiri
826 1987 1099 2066 praestantissimi,
1133 2007 1222 2053 curas

105 2105 211 2152 nouam
234 2087 413 2170 incorpore
436 2089 622 2171 scriptorum
645 2088 924 2153 aeclesiasticorum
947 2089 1115 2154 editionem
1131 2091 1222 2156 Vitae

28 2185 29 2262 b
106 2206 127 2251 s.
148 2191 289 2256 Seuerini
318 2183 468 2274 p'ararem,
499 2191 637 2274 primum
668 2189 877 2273 quaerendum
907 2193 983 2270 crat,
1015 2211 1090 2256 num
1114 2196 1219 2278 codex,

106 2311 189 2374 quem
225 2294 345 2378 Sauppe
378 2294 410 2359 in
444 2294 629 2359 recensenda
664 2294 738 2358 Vita
772 2295 882 2360 ducem
915 2296 1040 2360 secutus
1072 2300 1150 2380 crat,
1185 2316 1221 2363 ca

105 2399 290 2476 praestantia
313 2400 402 2482 esset,
425 2398 458 2461 in
479 2418 538 2482 quc
554 2417 635 2463 noua
656 2399 752 2464 editio
775 2398 834 2462 niti
855 2401 970 2482 posset.
1001 2400 1102 2464 multa
1116 2403 1220 2466 autem

29 2579 30 2590 ἵ
107 2502 195 2582 erent,
228 2503 339 2584 quibus
370 2503 483 2567 codicis
507 2502 722 2567 lateranensis
753 2503 922 2567 auctoritas
945 2503 1104 2569 debilitari
1128 2508 1222 2588 atque

29 2595 30 2662 ³
106 2604 228 2687 infringi
244 2605 422 2670 uidebatur:
438 2607 475 2670 de
491 2625 551 2688 qua
563 2625 595 2668 re
608 2605 655 2688 egi
671 2606 705 2669 in
720 2604 826 2670 libello
842 2604 1026 2682 academico,
1042 2608 1095 2690 qui
1110 2607 1220 2672 inscri-

105 2709 182 2774 bitur
203 2701 287 2774 ‘Dcs
308 2707 751 2790 Hcadscbre'steccerbdltae'ss
774 2708 829 2772 der
852 2707 925 2772 Ve'tc
948 2708 1145 2775 8811111111
1168 2711 1222 2776 1111

105 2805 293 2896 Ecpe'ppc'cs’
311 2811 594 2895 Sitacapsboricbte
608 2812 637 2878 11.
648 2811 732 2892 pult.
749 2811 822 2876 best.
838 2811 990 2878 0111111.
1007 2813 1035 2877 lc.
1049 2813 1222 2878 Abudeme'c

30 2969 31 2986 ,
108 2915 207 2982 XCV
227 2936 263 2996 p.
287 2919 472 2997 445-498,
507 2916 539 2980 in
574 2934 633 2997 quc
668 2914 803 2979 codicem
836 2917 1077 2981 lateranensem
1110 2919 1220 2982 multis

106 3019 175 3084 loeis
198 3023 230 3084 et
253 3039 270 3084 a
292 3019 419 3084 librario
443 3021 507 3084 ota
523 3019 692 3084 correctore
715 3019 849 3101 quodam
865 3019 1030 3086 arbitraris
1048 3023 1219 3086 correctum

108 3124 268 3206 multisque
298 3122 591 3205 interpolationibus
621 3123 829 3188 deformatum
860 3124 1099 3188 fundamentum
1121 3143 1219 3190 nouae

110 3227 245 3293 editionis
268 3246 332 3291 esse
354 3245 414 3291 nen
436 3245 524 3308 posse
547 3226 671 3308 exposui
693 3226 847 3309 simulque
863 3227 999 3292 codicem
1017 3229 1120 3310 potius
1137 3228 1219 3292 anti-

111 3333 284 3411 quissimum
312 3331 440 3395 alterius
462 3330 599 3395 familiae
621 3331 845 3394 Taurinensem
868 3331 1058 3413 sequendum
1081 3349 1144 3396 esse
1167 3333 1220 3396 dc·

111 3436 280 3500 monstraui.
318 3454 411 3517 quam
433 3433 472 3499 cb
496 3453 562 3499 rem
584 3434 663 3498 mihi
682 3435 731 3498 hic
753 3453 818 3498 rem
833 3437 939 3516 paucis
956 3435 1116 3500 absoluere
1133 3434 1220 3498 licet.

111 3541 205 3622 itaque
235 3537 423 3603 enumeratis
453 3537 546 3620 atque
568 3537 705 3601 breuiter
727 3536 887 3618 descriptis
910 3538 1075 3616 codicibus,
1107 3537 1219 3619 quibus

113 3642 139 3706 in
159 3643 334 3708 adornanda
356 3641 490 3706 editione
519 3659 592 3704 usus
621 3658 700 3716 sum,
730 3639 889 3716 enarrabo,
913 3659 967 3705 cur
989 3659 1219 3722 nonnumquam

114 3753 139 3809 et
159 3747 195 3812 ab
224 3745 412 3810 auctoritate
434 3744 545 3808 codicis
569 3743 767 3808 laurinensis
790 3747 820 3807 et
844 3762 862 3807 1
884 3744 1066 3808 coniecturis
1090 3742 1219 3825 Sauppii

113 3853 302 3914 recedendum
326 3867 392 3914 esse
415 3847 668 3912 existimauerim.

147 4025 209 4090 lam
242 4043 315 4089 uero
349 4022 466 4087 codices
494 4021 585 4085 huius
613 4021 721 4103 libelli,
755 4040 809 4102 per
837 4020 973 4084 mediam
996 4038 1088 4102 quam
1111 4017 1219 4081 dicunt

115 4130 233 4194 aetatem
256 4132 289 4193 in
311 4126 407 4191 Italia
430 4127 461 4190 et
483 4124 649 4190 Germania
677 4124 813 4188 lectitati
838 4129 868 4188 et
892 4141 980 4205 saepe
1005 4120 1163 4204 descripti,
1187 4120 1219 4183 in

116 4234 177 4296 duas
198 4231 333 4296 familias
357 4231 513 4295 discedere
537 4231 599 4292 iem
623 4249 641 4292 1
664 4229 797 4310 Sauppio
816 4228 1015 4294 obseruatum
1030 4228 1094 4289 est:
1119 4222 1220 4288 altera

117 4337 154 4399 est
172 4336 317 4399 benorum
346 4335 508 4412 librorum,
540 4333 594 4415 qui
616 4333 707 4396 hodie
730 4332 945 4396 tantummodo
968 4329 1001 4394 in
1023 4326 1218 4394 bibliothecis
1292 4377 1294 4380 .

155 4452 241 4507 VIIII·
260 4473 271 4511 1
1101 4461 1117 4498 a
