3008 4978
1197 410 1236 458 x1

98 603 177 648 essa
201 581 336 660 uidetur,
359 600 418 664 quo
433 600 465 664 p.
480 582 532 663 26,
550 582 590 648 13
612 585 643 648 iu
666 578 746 648 GGL
767 581 938 644 retrorsum
960 578 1154 661 respiciendo
1177 597 1233 661 pro

97 691 282 750 retrorsum
304 683 492 765 aspiciendo,
516 686 597 766 quod
611 685 645 750 in
659 680 779 748 MNTV
802 683 927 764 legitur,
951 682 1024 747 oriri
1039 685 1154 764 potuit3
1177 682 1235 746 hoc

98 795 218 854 tamen
233 788 394 853 simillimo
411 787 530 853 Sedulii
545 787 650 870 pasch.
666 804 760 850 carm.
779 784 795 847 I
813 783 955 849 1231000
977 784 1133 849 firmatur:
1157 785 1235 866 quio

99 910 201 955 memo
223 894 468 955 retrorsum.
496 940 504 955 .
531 888 782 969 ,Aspicimus
804 886 984 953 soluendus
1005 887 1074 952 erit.

151 1045 263 1127 Neque
293 1064 366 1110 uero
397 1045 458 1109 alio
488 1045 554 1109 loco
585 1044 740 1124 scriptura
770 1042 910 1106 codicum
941 1042 1084 1124 neglecta
1107 1040 1234 1123 Sauppii

101 1149 322 1212 coniecturam
360 1147 497 1228 recipere
541 1146 700 1212 debebam.
757 1143 853 1209 uerba
889 1144 963 1208 suut
1001 1161 1027 1208 c.
1061 1143 1179 1219 XXIII,
1215 1143 1237 1207 2

103 1257 157 1334 (p.
175 1252 229 1328 41,
246 1251 290 1336 8),
313 1251 445 1333 quaein
468 1249 627 1316 codicibus
650 1247 794 1313 omnibus
816 1248 863 1311 ita
884 1247 1047 1330 leguntur:
1075 1266 1156 1327 quos
1180 1249 1233 1328 (sc.

102 1354 301 1435 reliquias).
319 1404 327 1420 .
349 1353 546 1433 suscipiens
568 1352 735 1416 basilicum
756 1351 861 1414 souoti
876 1349 1034 1414 Iobouuis
1048 1399 1053 1412 .
1068 1399 1074 1412 .
1088 1349 1235 1413 ultroneo

101 1457 319 1526 benedictione
334 1457 452 1522 colluto
466 1455 610 1520 soorouit
625 1454 729 1536 officio
745 1455 951 1518 secerdotum.
983 1453 1102 1534 Sauppe
1126 1453 1234 1516 autem

103 1581 147 1624 aa
169 1561 215 1624 ita
238 1560 430 1639 inmutauit,
459 1561 495 1623 ut
518 1559 680 1625 scriberet:
715 1576 818 1638 quus.
838 1557 1061 1638 ..suscipieris
1083 1556 1124 1619 im
1146 1555 1234 1619 bosi-

106 1663 211 1726 lioum
246 1664 352 1728 soucti
389 1661 547 1727 Ioboum's
567 1713 573 1726 .
597 1709 605 1725 .
631 1661 798 1726 ,ultroueo
834 1659 1044 1725 benedictione
1080 1658 1235 1724 collutos

103 1765 254 1828 sacrauit
265 1766 368 1847 officio
379 1765 584 1844 secerdotum,
602 1784 672 1829 cum
688 1765 755 1828 sine
768 1763 860 1827 dubio
876 1763 974 1828 alium
989 1765 1093 1827 locum
1108 1762 1233 1827 similli-

105 1889 196 1932 mum
220 1870 395 1951 respiceret,
426 1887 518 1950 quem
541 1869 646 1933 tamen
667 1865 883 1950 interpolando
906 1867 1077 1949 corrupisse
1099 1868 1232 1931 uidetur.

104 1971 206 2036 uerba
229 1973 310 2036 enim
334 1975 361 2034 ot
382 1971 536 2050 secreuit,
560 1989 637 2052 quae
652 1989 681 2050 p.
699 1971 750 2048 26,
769 1971 784 2034 1
803 1970 930 2035 inserit:
953 1970 1010 2050 qui
1024 1967 1124 2034 debito
1138 1987 1236 2033 souc-

103 2079 212 2137 torum
230 2073 381 2140 Geruosii
404 2079 431 2137 et
452 2073 598 2137 Protosii
619 2077 799 2155 martyrum
819 2072 974 2153 reliquias
997 2073 1112 2136 bonore
1133 2074 1234 2139 susei-

98 2178 202 2258 pieus
235 2176 271 2241 iu
305 2176 437 2241 basilico
454 2225 461 2241 .
478 2226 487 2243 .
504 2227 510 2240 .
528 2176 694 2240 collooouit
721 2180 755 2240 et
776 2175 961 2239 soorouit
994 2174 1099 2256 officio
1128 2196 1234 2241 sucer-

104 2281 227 2365 dctum,
250 2300 310 2345 non
333 2283 435 2346 solum
458 2280 618 2345 abundant
642 2281 806 2345 sedetiam
829 2298 954 2344 sensum
977 2282 1067 2362 plane
1090 2280 1229 2346 turbant.

104 2387 235 2448 tantum
257 2385 340 2449 enim
357 2383 456 2462 abest,
479 2384 516 2448 ut
531 2383 677 2465 reliquias
693 2385 872 2448 sauctorum
887 2383 954 2448 siue
969 2402 1023 2464 per
1039 2386 1232 2449 sacerdotem

104 2489 177 2550 siue
199 2506 253 2569 par
276 2486 452 2568 quempiam
482 2487 626 2550 sanctum
648 2487 752 2550 uirum
775 2486 893 2551 sacrari
915 2505 992 2569 opus
1014 2489 1065 2566 sit,
1089 2509 1109 2552 u
1147 2489 1233 2568 ipsae

105 2590 230 2668 locum,
267 2589 301 2652 in
340 2607 565 2671 quemcumque
602 2589 815 2667 conferuntur,
854 2594 1039 2657 consecrent.
1084 2593 1117 2657 at
1153 2593 1232 2657 nihil

104 2711 237 2776 prorsus
272 2691 396 2756 excidit.
434 2694 530 2757 uerba
564 2693 646 2757 euim
681 2693 713 2756 in
746 2693 902 2757 codicibus
936 2695 1054 2758 tradita
1085 2699 1168 2761 recte
1200 2717 1233 2760 se

105 2795 237 2872 habent,
261 2796 428 2861 dummodo
450 2796 553 2861 locum
568 2797 652 2860 recte
667 2795 897 2877 interpreteris:
921 2817 992 2861 nam
1008 2798 1112 2879 officio
1126 2819 1231 2866 socer-

107 2899 219 2962 dotum
236 2917 297 2962 non
314 2898 469 2962 ablatiuus
487 2901 542 2973 est,
564 2917 655 2980 quem
670 2901 765 2982 uulgo
781 2935 822 2945 -
839 2899 877 2963 cf.
895 2900 1048 2966 Bruuneri
1065 2905 1096 2966 et
1110 2903 1234 2968 Rodan-

105 3001 211 3082 bergii
233 3002 388 3066 pensiones
412 3039 453 3049 —
476 3002 731 3084 interpretantur,
754 3005 808 3067 sed
831 3003 964 3078 datiane,
988 3023 1079 3085 quam
1102 3004 1231 3070 finalem

107 3107 234 3168 uocant.
273 3104 320 3168 his
355 3106 459 3169 autem
494 3104 597 3169 uerbis
632 3103 825 3188 significatur
857 3105 1016 3170 basilicam
1049 3109 1232 3174 monasterii

108 3207 315 3271 Fauiancusis
351 3206 472 3272 collatis
505 3209 538 3272 in
573 3227 640 3272 eam
674 3208 852 3272 sanctorum
876 3209 1019 3275 Geruasii
1045 3210 1076 3273 et
1098 3210 1232 3276 Protasii

109 3309 250 3391 reliquiis
283 3309 330 3374 ita
362 3312 516 3375 sacratam
547 3329 624 3388 esse,
653 3313 689 3374 ut
714 3310 939 3374 secerdotes
967 3311 1000 3375 iu
1024 3331 1060 3377 ea
1082 3314 1233 3378 sollemne

109 3412 296 3477 sacrificium
321 3411 387 3477 siue
409 3412 549 3494 osticium
571 3413 680 3477 offerre
702 3417 836 3495 possent.
877 3418 949 3478 sunt
973 3415 1058 3479 euim
1081 3418 1232 3498 quaedam

96 3514 269 3608 ecclesiae,
292 3517 346 3579 ubi
360 3517 547 3581 sacrificium
562 3518 674 3581 missae
690 3517 799 3581 offerre
814 3518 1022 3584 sacerdotibus
1046 3519 1129 3600 licet,
1153 3521 1232 3588 aliae

107 3635 194 3692 uero,
218 3635 297 3698 quae
316 3637 350 3682 eo
374 3621 441 3684 iure
457 3622 571 3685 carent.
588 3657 628 3667 -
645 3622 750 3684 nostro
774 3625 879 3686 autem
902 3623 969 3686 loco
993 3623 1179 3706 interpretes
1194 3628 1231 3706 1),

107 3721 163 3803 qui
185 3720 328 3785 datiuum
352 3721 456 3804 officio
479 3723 674 3787 secerdotum
700 3741 754 3805 pro
778 3724 915 3788 ablatiuo
945 3729 1138 3807 acceperunt,
1169 3745 1231 3792 uon

107 3824 211 3906 magis
247 3824 321 3905 quid
352 3825 519 3890 benedictio
554 3828 636 3891 assat
668 3825 899 3890 intellexerunt.
943 3827 1113 3892 beueeiictio
1148 3832 1231 3895 euim

214 4068 234 4129 ¹)
253 4065 368 4118 Fallitur
385 4067 467 4120 etiam
479 4065 625 4135 deiuqeu
644 4083 704 4121 cum
717 4068 746 4120 in
757 4067 829 4124 Hist.
842 4068 918 4122 Aust.
932 4085 956 4138 p.
969 4069 1003 4121 50
1021 4067 1231 4122 benedictiouem
1245 4111 1248 4117 .

108 4166 129 4204 s.
143 4151 279 4205 lobaumis
290 4149 369 4216 idem,
388 4152 459 4219 quod
471 4153 650 4220 germanicum
668 4152 918 4218 ‘Iobouuismiuue‘‚
937 4153 1087 4220 significare
1105 4153 1230 4220 opinatur

108 4236 222 4304 indeque
245 4236 366 4290 concludi
388 4254 463 4305 posse
487 4238 637 4292 arbitratur
659 4239 781 4308 linguam
804 4255 940 4309 moresque
958 4239 1150 4294 Germanorum
1177 4241 1231 4294 iam

108 4326 168 4376 tum
186 4339 202 4376 a
220 4322 348 4400 Romanis
366 4323 448 4392 recipi
467 4326 590 4392 coepisse.
