3008 4978
18 321 20 448 l

18 479 20 544 r

509 357 590 413 Vita
613 355 640 410 S.
661 355 829 414 Senarini.
1198 361 1239 428 19

18 547 19 552 ’
97 545 221 632 gnatia,
253 566 330 630 quae
352 546 403 612 illi
425 548 565 612 saluator
586 547 769 628 indulserat,
797 547 1000 634 praecipuum
1028 547 1238 616 abstinentiae

100 669 219 715 munus
248 649 405 734 accipiens
435 669 559 716 carnem
594 669 684 716 suam
711 651 857 735 plurimis
891 653 1079 736 subiugabat
1110 653 1235 733 inediis,

101 753 217 818 docens
241 771 351 836 corpus
377 751 456 819 cibis
480 754 760 820 abundantioribus
783 756 957 822 enutritum
980 756 1103 823 animae
1124 756 1235 822 interi·

100 861 174 921 turn
195 855 342 939 protinus
366 857 547 923 allaturum.
586 857 789 923 calciamento
815 857 901 924 nullo
924 861 1049 942 penitus
1071 861 1235 927 utebatur:
1251 860 1293 924 10

77 961 148 1025 sita
181 961 286 1024 media
315 959 429 1040 hieme,
461 979 540 1043 quae
565 959 686 1044 inillis
715 962 893 1044 regionibus
915 963 1054 1029 saeuiore
1076 965 1149 1048 gelu
1171 968 1237 1029 tor-

100 1067 213 1147 pescit,
239 1065 329 1128 nudis
351 1065 481 1148 pedibus
504 1064 666 1131 ambulare
697 1068 862 1132 contentus
885 1069 1044 1152 singulare
1065 1067 1237 1150 patientiae

101 1167 201 1232 dabat
224 1167 386 1232 indicium.
423 1171 461 1233 ad
478 1169 566 1232 cuius
581 1168 816 1235 immanitatem
830 1169 957 1254 trigoris
974 1172 1237 1254 comprobandam

101 1274 219 1336 testem
249 1271 374 1335 constat
402 1289 466 1336 esse
494 1271 684 1349 Danuuium,
716 1272 763 1337 ita
790 1291 883 1357 saepe
917 1274 1044 1357 glaciali
1073 1275 1236 1340 nimietate

102 1378 297 1457 concretum,
320 1377 357 1439 nt
380 1375 477 1439 etiam
499 1377 649 1457 plaustris
672 1375 807 1441 solidum
822 1378 992 1443 transitum
1007 1376 1237 1443 subministret.

69 1481 157 1562 :oqui
178 1483 288 1544 tamen
311 1478 428 1544 talibus
443 1497 499 1561 per
514 1479 564 1544 dei
578 1478 717 1562 gratiam
732 1480 904 1548 uirtutibus
921 1482 1108 1548 sublimatus
1123 1480 1238 1546 intima
1252 1478 1291 1543 11

101 1582 285 1648 humilitate
313 1581 472 1647 fatebatur
498 1581 621 1647 dicens:
644 1574 693 1647 ‘ne
715 1585 833 1665 putetis
857 1586 918 1649 mei
940 1584 1045 1649 meriti
1067 1602 1134 1650 esse
1156 1585 1237 1668 quod

103 1685 249 1750 cernitis:
279 1688 401 1749 uestrae
424 1688 473 1749 est
494 1685 599 1767 potius
622 1686 733 1751 salutis
755 1688 942 1770 exemplum.
979 1690 1080 1754 cesset
1101 1688 1239 1754 humana

103 1789 277 1868 temeritas,
301 1789 449 1854 elationis
472 1789 673 1872 supercilium
696 1791 931 1873 comprimatur.
966 1796 1002 1857 ut
1025 1792 1144 1875 aliquid
1166 1794 1240 1859 boui

103 1893 269 1974 possimus,
299 1893 458 1978 eligimur,
482 1892 604 1957 dicente
626 1895 781 1975 apostolo:
814 1895 883 1978 qui
905 1895 1031 1978 elegit
1054 1915 1120 1963 nos
1144 1899 1238 1962 ante

71 1996 242 2062 remundi
265 1997 616 2077 constitutionem,
640 2001 682 2061 ut
705 2016 876 2064 essemus
899 2000 1033 2065 sancti
1056 2001 1241 2064 stimma·

104 2101 232 2165 culati
261 2099 300 2164 in
331 2100 547 2183 conspectu
575 2101 669 2164 eius.
707 2104 792 2165 orate
821 2101 918 2166 immo
946 2120 1002 2184 pro
1032 2122 1092 2180 me,
1117 2107 1154 2166 ut
1176 2122 1238 2168 non

104 2204 143 2268 ad
167 2203 436 2269 condemnationis
461 2203 632 2280 cumulum,
656 2208 710 2270 sed
731 2207 770 2270 ad
785 2203 1015 2271 iustificationis
1032 2207 1238 2289 augmentum

104 2305 274 2374 saluatoris
299 2306 380 2372 dona
402 2306 582 2389 proficiant’.
621 2307 697 2372 haec
719 2309 750 2372 et
765 2308 814 2372 his
829 2307 947 2373 similia
962 2308 1084 2376 solebat
1100 2309 1239 2393 proferre
1254 2310 1294 2373 12

106 2429 179 2478 oum
201 2411 338 2486 fletibus
362 2412 442 2475 miro
458 2412 602 2477 erudiens
617 2411 757 2476 homines
779 2413 970 2478 humilitatis
986 2415 1134 2497 exemplo,
1153 2416 1240 2478 ouius

71 2515 236 2582 conlutis
271 2515 474 2580 fundamento
508 2517 649 2582 munitus
679 2519 771 2582 tanta
799 2519 898 2584 diuini
931 2519 1069 2584 muneris
1098 2517 1241 2582 claritate

105 2619 259 2704 fulgebat,
284 2623 320 2683 ut
342 2620 401 2703 ipsi
425 2637 545 2702 quoque
568 2621 718 2686 ecclesiae
732 2622 838 2686 hostes
853 2620 1003 2687 haeretici
1017 2620 1240 2687 reuerentissi-

105 2725 167 2788 mis
191 2743 263 2790 eum
286 2723 399 2788 officiis
425 2724 623 2790 honorarent.

212 2927 247 2982 14
263 2925 332 2997 npn.
351 2928 376 2996 1,
395 2927 413 2980 4

160 3115 353 3184 lindulserat]
373 3115 504 3170 intulerat
522 3116 555 3170 N
656 3117 795 3185 praecipue
815 3115 842 3171 G
870 3116 1053 3185 praecipueO
1152 3114 1240 3170 3ha·

18 3181 19 3188 ἵ
107 3200 336 3256 bundantioribus
355 3201 448 3256 MTV
539 3202 716 3256 inlaturum
733 3203 768 3257 N
859 3202 1077 3255 caltiamentoT
1166 3200 1241 3269 peni·

108 3290 154 3341 tus
178 3287 256 3341 nullo
280 3287 308 3340 L
411 3289 520 3356 penitus
542 3287 569 3342 V
667 3287 794 3342 bmedio
813 3287 907 3356 hyeme
930 3288 957 3342 L
1059 3287 1162 3340 seniore
1186 3286 1242 3342 at

105 3374 173 3428 NV
260 3373 408 3442 torpescit*
419 3377 466 3443 (=
476 3375 648 3443 torpescitur)
673 3373 700 3428 V
787 3375 805 3428 6
822 3373 966 3442 ambulare]
985 3389 1088 3444 semper
1106 3373 1242 3468 ambulare

113 3505 162 3560 OG
244 3503 426 3572 oonteptusL
507 3504 642 3573 pacientie
657 3503 684 3558 V
767 3481 987 3558 Vimanitath
1065 3475 1242 3558 Sdmmuiffim

107 3591 167 3644 cod.
191 3589 274 3643 Viao.
292 3592 361 3645 1064
459 3605 520 3659 sepe
542 3590 633 3645 GLM
728 3591 838 3660 glatiali
857 3590 913 3645 TV
1010 3591 1027 3644 9
1045 3591 1243 3645 sumministret

113 3676 223 3774 {JGTV
321 3676 351 3729 11
371 3677 475 3728 meritis
493 3679 517 3742 (s
534 3679 612 3743 raca)
632 3675 659 3730 G
751 3678 785 3733 12
802 3679 892 3730 uestro
912 3675 968 3731 GV
1054 3676 1086 3728 14
1103 3675 1241 3743 eligimur]

107 3789 237 3884 eligimur
264 3803 297 3884 (ᾇ
322 3815 366 3884 [=
383 3815 445 3883 quo]
469 3813 533 3868 odd.
551 3829 586 3866 m.
604 3816 635 3878 2)
662 3814 690 3869 L
724 3813 824 3882 eligere
849 3814 896 3867 Μ’
930 3813 1058 3882 eligimur
1068 3811 1102 3880 (l)
1129 3811 1175 3865 M¹

113 3920 144 3973 15
172 3917 270 3989 aneu]
298 3901 353 4002 siit
378 3918 406 3971 V
504 3917 664 3971 malaurae
689 3917 758 3973 MV
856 3918 1004 3986 mammo]
1029 3916 1124 3970 inme
1148 3917 1175 3970 a

112 4023 143 4076 17
156 4022 190 4076 ad
203 4021 389 4076 condemnatio
401 4021 450 4087 (Π
461 4022 494 4074 iot
505 4023 572 4088 ros.)
585 4022 628 4074 uis
641 4020 778 4074 cumulum
790 4018 836 4072 sed
848 4019 882 4072 ad
895 4018 970 4086 (odd.
982 4019 1021 4072 L¹
1032 4019 1064 4072 iro
1075 4020 1138 4088 mg.)
1162 4018 1243 4072 iusti·

111 4107 419 4175 fidatiouis)L²inroe.
455 4106 746 4161 condemnationuisG
797 4107 830 4160 18
839 4105 917 4173 dona]
929 4104 1012 4158 michi
1021 4105 1090 4157 dona
1099 4103 1176 4159 OGL

112 4300 183 4366 (uini
194 4315 214 4352 a
224 4315 259 4352 m.
271 4302 289 4354 2
300 4298 332 4352 isc
343 4302 409 4365 ros.)
431 4298 456 4351 T
539 4297 571 4350 21
585 4294 656 4365 eccle
669 4294 826 4351 GHMTV
904 4294 1017 4349 heretici
1031 4294 1180 4350 GMNTV

1104 4398 1144 4452 2}
