3008 4978
255 429 298 495 32
393 389 397 406 ⁸
737 423 905 493 nugrppir

255 613 311 696 est,
331 618 412 702 quod
430 617 529 682 iacere
549 605 727 679 uoluistis’?
748 611 989 696 responderunt:
1012 611 1058 676 ‘ut
1076 611 1216 678 oratione
1230 614 1285 676 tua
1302 611 1393 678 uitae

254 721 404 789 reddatur
434 717 601 785 exanimis’.
636 720 711 782 tunc
733 718 799 798 ipse
820 715 1091 781 lacrimabundus:
1113 706 1208 798 ‘quid'
1232 716 1335 798 inquit
1358 706 1395 780 ‘a

255 843 351 908 paruo
379 840 494 906 magna
516 820 705 904 deposcitis?
732 837 866 905 agnosco
889 837 939 883 me
964 836 1088 902 prorsus
1110 817 1284 902 indignum.
1320 821 1390 884 uti-

256 947 329 993 nam
351 945 470 992 merear
491 924 617 990 ueniam
639 940 694 1007 pro
709 925 787 988 meis
802 923 941 988 inuenire
954 913 1119 1004 peccatisl'
1141 921 1252 987 atilli:
1272 915 1390 988 ‘credi-

223 1031 336 1096 3mus’
367 1031 514 1112 inquiunt
545 1022 651 1110 ‘quod
681 1026 709 1091 si
737 1028 882 1107 craneris,
917 1018 1112 1092 reuiuescet'.
1156 1025 1233 1091 tunc
1255 1029 1429 1092 sanctusa

255 1134 420 1200 Seuerinus
448 1131 527 1198 fusis
556 1130 628 1196 ilice
656 1130 793 1195 lacrimis
826 1129 860 1194 in
888 1130 1028 1195 eratione
1062 1133 1240 1211 prostratus
1270 1129 1319 1194 est
1350 1133 1385 1194 et

254 1239 383 1303 muliere
405 1238 547 1319 protinus
564 1236 746 1316 assurgente
768 1233 922 1298 allocutus
945 1234 993 1298 est
1008 1249 1075 1297 ecs:
1091 1225 1200 1299 ‘nolite
1215 1234 1386 1317 quicquam

254 1343 364 1407 horum
379 1342 457 1406 meis
472 1339 615 1422 operibus
631 1335 807 1419 applicare:
822 1335 904 1400 hanc
919 1337 1001 1400 enim
1017 1335 1156 1419 gratiam
1170 1335 1243 1402 fidei
1258 1341 1385 1402 uestrae

254 1446 357 1512 feruor
389 1444 533 1523 emeruit,
568 1443 601 1507 et
632 1441 691 1506 hcc
723 1441 761 1505 fil
792 1441 826 1505 in
855 1440 967 1506 multis
994 1442 1070 1506 locis
1102 1442 1134 1506 et
1162 1440 1318 1526 gentibus,
1345 1445 1384 1506 ut

253 1551 465 1631 cognoscatur,
494 1545 576 1630 quod
605 1565 684 1611 unus
707 1547 749 1610 sit
765 1545 858 1632 dens,
887 1545 1003 1611 faciens
1026 1547 1059 1610 in
1081 1545 1166 1610 caelo
1188 1549 1220 1611 ct
1241 1546 1274 1610 in
1297 1546 1383 1610 terra
1393 1568 1424 1608 rc

253 1652 405 1736 prodigia,
427 1651 564 1716 excitans
595 1650 730 1732 perditus
751 1649 786 1714 in
808 1650 942 1716 salutern
965 1652 997 1714 et
1019 1654 1157 1715 mertuos
1180 1649 1266 1714 uitae
1288 1649 1382 1713 resti·

253 1754 362 1819 tucns’.
400 1756 513 1819 mulier
543 1771 617 1818 uero
646 1754 780 1819 sanitate
808 1757 933 1836 recepta
961 1772 1038 1836 opus
1060 1754 1167 1838 agrale
1202 1750 1251 1819 die
1286 1752 1381 1817 tertio

255 1857 344 1922 iuxta
367 1875 486 1922 morem
508 1858 686 1940 prouinciae
709 1857 841 1940 propriis
864 1857 965 1939 coepit
988 1857 1131 1922 manibus
1154 1874 1303 1922 exercere.

225 1988 241 2052 1
296 1977 366 2042 XV.
390 1977 556 2058 Quintanis
579 1978 793 2061 appellabatur
818 1979 1022 2044 secundarum
1045 1977 1252 2061 municipium
1274 1976 1382 2042 Bacti-

253 2100 353 2163 arum,
376 2100 470 2164 super
491 2083 593 2164 ripam
615 2081 754 2146 Danuuii
776 2081 891 2146 situm:
915 2081 987 2145 huic
1011 2101 1047 2146 er
1069 2081 1130 2146 alia
1153 2084 1242 2162 parte
1263 2098 1380 2162 paruus
1392 2097 1423 2138 re

253 2183 377 2263 fluuius,
407 2187 456 2250 cui
485 2185 620 2250 Businca
641 2203 754 2250 nemen
777 2190 835 2266 est,
864 2185 1105 2268 propinquabat.
1145 2188 1171 2249 is
1199 2184 1308 2250 crebra
1328 2185 1381 2248 in·

251 2289 420 2353 undatione
448 2289 585 2354 Danuuii
613 2288 831 2372 superfluentis
862 2307 1039 2354 excrescens
1073 2288 1222 2354 nonnulla
1255 2287 1380 2353 castelli

251 2391 363 2473 spatia,
387 2391 460 2474 quia
481 2391 514 2457 in
536 2391 664 2475 planum
687 2391 853 2457 fundatum
868 2392 981 2468 fuerat,
997 2391 1179 2475 occupabat.
1216 2390 1380 2457 ecclesiam

252 2495 348 2559 etiam
376 2495 437 2559 loci
460 2496 525 2560 eius
547 2515 703 2561 manseres
733 2497 819 2560 entra
842 2513 946 2560 mures
969 2515 1005 2559 er
1028 2495 1123 2578 lignis
1147 2495 1281 2560 habuere
1305 2511 1380 2558 ecn-

253 2599 416 2677 structam‚
447 2618 524 2681 quae
553 2601 691 2682 pendula
720 2600 897 2664 extensione
925 2601 1065 2681 porrecta
1090 2599 1197 2664 deliris
1222 2599 1256 2663 in
1277 2598 1422 2663 altumac

251 2700 412 2783 stipitibus
428 2705 663 2770 sustentabatur
680 2705 712 2768 et
726 2702 866 2777 furculis,
884 2704 935 2768 cui
950 2703 989 2769 ad
1004 2703 1107 2768 uicem
1122 2702 1181 2768 seli
1196 2700 1378 2766 tabularum

303 2954 387 3008 luite
399 2955 573 3022 (iamin
585 2960 651 3022 ras.)
665 2955 691 3009 L
774 2956 1059 3026 2quidinquitOGL
1073 2959 1117 3025 (cf.
1127 2959 1247 3027 praem:
1266 2959 1383 3030 quidM

249 3039 336 3094 NTV
401 3041 616 3109 3agnoscith
681 3041 1013 3111 dinnanirepremeisM
1081 3045 1209 3115 inuenire]
1223 3061 1273 3100 om.
1290 3046 1316 3100 V

249 3127 266 3178 5
289 3126 407 3196 quodsi
430 3127 613 3184 OGMNTVz
643 3129 787 3200 clipea
805 3129 844 3183 L²
862 3130 961 3188 iuras.
1067 3132 1204 3186 cranerint
1221 3133 1255 3187 N
1263 3147 1310 3200 pr.

249 3212 393 3267 reuiuiscet
417 3213 506 3268 0οΜ
607 3215 622 3268 7
651 3231 694 3268 ecs
724 3214 904 3271 OGMNTV:
934 3231 978 3270 eos
1003 3217 1093 3272 dicens
1116 3217 1143 3272 L
1245 3219 1263 3272 9
1288 3218 1381 3272 feruor

249 3300 363 3352 emeruit
380 3302 421 3364 (cr
438 3317 455 3352 a
467 3316 501 3354 m.
513 3302 533 3353 2
544 3301 577 3353 ic
589 3316 643 3354 ras.
659 3301 695 3366 L)
718 3299 899 3356 OGLMNTr
929 3301 1031 3356 feruore
1048 3303 1149 3356 meruit
1171 3304 1196 3357 V
1299 3305 1332 3358 10
1349 3321 1380 3358 a·

249 3388 391 3452 gnoscatur
414 3385 440 3438 G
546 3385 575 3439 in
594 3387 649 3454 celo
668 3387 741 3440 etin
760 3389 833 3441 terra
851 3387 950 3442 iaciens
971 3388 1035 3442 GM
1141 3392 1172 3444 11
1201 3392 1257 3445 nite
1286 3390 1313 3446 V

250 3470 282 3524 12
310 3472 414 3539 recepta
436 3470 566 3527 MNTV:
597 3474 722 3540 percepta
749 3473 827 3528 OGL
929 3476 1003 3543 opus]
1027 3477 1085 3560 cp’g
1109 3476 1142 3529 M
1246 3476 1279 3530 13
1305 3477 1378 3546 cepit

249 3592 298 3648 CL
328 3593 398 3662 cepit
421 3592 514 3647 ΟΜΝ
615 3594 648 3647 14
671 3559 810 3662 quiriffiil
830 3593 887 3648 cod.
910 3593 991 3648 Viud.
1009 3599 1079 3650 1064
1178 3601 1243 3666 post
1260 3596 1376 3666 appella·

249 3680 330 3734 batur
349 3678 413 3734 cdd.
432 3679 471 3733 L²
489 3695 567 3747 supr.
580 3695 652 3736 uere.
671 3681 744 3735 locus
842 3681 1031 3751 secundarum]
1050 3682 1207 3736 secundariu
1224 3683 1258 3737 N
1283 3683 1375 3750 fecun-

247 3767 341 3820 darum
359 3769 388 3836 (ι
405 3765 470 3825 add.
489 3781 523 3821 ru.
538 3770 567 3831 2)
586 3767 613 3820 L
709 3768 857 3836 municipiu
877 3769 904 3834 (u
923 3784 941 3820 u
958 3783 992 3821 m.
1011 3772 1031 3822 2
1048 3769 1080 3822 aa
1097 3771 1163 3831 rae.)
1183 3768 1209 3822 L
1310 3769 1378 3822 reti-

247 3868 323 3906 arum
350 3852 487 3907 OLNTV
511 3853 641 3906 reciarnm
665 3852 727 3906 GM
830 3855 863 3908 15
881 3853 993 3907 danubii
1014 3855 1067 3909 GL
1170 3857 1225 3908 situ
1244 3854 1282 3908 L¹
1311 3848 1371 3906 sitn'

248 3943 294 4004 (=
311 3938 411 4005 situas)
436 3939 475 3992 L²
579 3939 612 3991 16
636 3939 748 3992 businca
763 3941 823 4006 (nea
840 3940 872 3992 a'n
889 3954 944 3992 rus.
963 3957 981 3993 c
999 3956 1034 3993 m.
1051 3944 1079 4006 2)
1103 3941 1130 3994 L
1161 3943 1222 3994 inca
1243 3941 1281 3994 Μ
1307 3938 1376 3994 bun·

247 4024 301 4076 eice
313 4023 342 4090 (n
355 4022 407 4077 del.
420 4039 455 4078 m.
467 4025 497 4092 2)
512 4025 544 4078 N
628 4024 666 4076 ais
680 4025 709 4092 (h
721 4027 789 4088 rus.)
803 4024 830 4078 L
852 4024 895 4076 his
907 4024 975 4078 MN
974 4024 1027 4078 TV
1111 4025 1143 4078 17
1158 4025 1269 4079 danubii
1280 4025 1308 4079 L

246 4109 356 4164 castella
383 4110 409 4164 L
424 4126 470 4178 pr.
592 4111 626 4164 18
652 4111 735 4178 planu
763 4110 894 4165 MNTV:
930 4112 1009 4179 plano
1038 4111 1116 4166 OGL
1236 4111 1372 4180 ecclesiam

246 4196 307 4250 LN
407 4195 439 4248 19
457 4195 514 4248 eius
535 4196 586 4250 loci
606 4195 633 4250 θ
661 4197 777 4250 ciusdem
796 4197 848 4251 loci
867 4198 904 4253 M
1001 4199 1040 4266 ex]
1059 4201 1086 4250 ct
1106 4198 1132 4251 G
1229 4197 1263 4250 20
1280 4213 1331 4266 que
1351 4196 1378 4250 V

245 4280 292 4348 qni
310 4281 343 4336 N
425 4283 533 4349 peracta
552 4281 577 4334 V
661 4283 692 4334 21
713 4283 931 4337 sustentabatur
950 4284 979 4349 (i,
997 4289 1030 4336 ct
1047 4283 1167 4348 uidetur,
1185 4284 1262 4352 rusa)
1281 4283 1308 4336 L

244 4367 278 4420 ad
297 4366 391 4434 uicem]
411 4368 444 4422 ad
463 4367 578 4421 inuicem
597 4369 630 4422 N
729 4369 793 4422 soli»
811 4370 838 4422 L
