3008 4978
271 429 298 474 II

273 597 383 663 ltaliae
416 595 618 662 inueniuntur
631 595 668 682 ¹),
706 599 805 663 altera
842 615 958 679 eorum,
992 601 1046 683 qui
1079 602 1270 686 interpolati,
1303 622 1400 686 saepe

273 701 369 766 etiam
402 700 556 765 decurtati
589 702 679 766 sunt:
713 701 818 783 quales
851 702 946 767 multi
976 705 1007 768 et
1032 705 1181 770 initalia
1204 706 1291 771 etin
1314 707 1398 774 Ger-

273 804 379 869 mania
411 802 565 884 imprimis
599 804 633 868 in
666 804 858 869 monasteriis
893 804 932 869 ad
966 806 1067 890 ripam
1090 807 1227 873 Danuuii
1260 809 1329 873 sitis
1352 846 1399 856 —

273 909 353 973 unde
376 907 518 973 nonnulli
547 908 581 971 in
602 906 807 974 bibliothecas
835 909 1101 976 Vindobonensem
1123 913 1155 976 et
1176 911 1399 976 Monacensem

272 1010 419 1076 translati
451 1015 525 1076 sunt
541 1001 590 1058 '—
625 1014 833 1077 assemantur.
851 1048 855 1055 ·
872 1011 1038 1079 dolendum
1071 1017 1177 1080 autem
1210 1019 1258 1080 est
1291 1014 1399 1079 nullos

273 1115 363 1180 Vitae
387 1114 507 1180 codices
529 1114 653 1180 saeculo
668 1116 698 1180 X
720 1114 908 1182 uetustiores
924 1119 1058 1182 aetatem
1072 1119 1198 1183 tulisse:
1221 1117 1296 1182 Vita
1311 1119 1399 1182 enim

272 1237 441 1302 numquam
472 1237 543 1284 oum
573 1219 670 1284 altaro
701 1219 840 1285 eiusdem
869 1221 1028 1303 scriptoris
1059 1241 1148 1306 opere
1174 1221 1340 1288 coniuncta
1363 1220 1398 1285 in

274 1320 433 1388 codicibus
455 1340 528 1387 mss.
552 1320 724 1388 inuenitur.

316 1457 463 1526 (lodicum
490 1461 627 1543 ipsorum
656 1462 794 1528 melioris
823 1464 912 1529 notae
934 1463 1012 1528 duae
1034 1463 1173 1529 familiae
1196 1466 1318 1532 extantr
1355 1466 1398 1528 ad

273 1562 404 1627 alteram
437 1564 557 1630 codices
587 1565 800 1646 Taurinorum,
830 1565 999 1632 Vaticanus
1031 1569 1125 1650 prior,
1158 1566 1397 1632 Vallicellianus

272 1667 439 1751 pertinent,
462 1668 574 1750 quibus
596 1668 734 1751 proximo
757 1670 876 1735 accedit
897 1669 977 1734 liber
999 1667 1239 1754 Ambrosianus,
1263 1670 1397 1736 alterius

273 1769 411 1835 familiae
444 1771 518 1834 suut
549 1771 775 1854 Lateranensis,
803 1771 972 1837 Vaticanus
1007 1772 1095 1851 alter,
1130 1774 1276 1855 quattuor
1307 1772 1395 1851 libri,

273 1875 327 1955 qui
349 1891 432 1937 nunc
454 1871 559 1938 Casini
582 1876 792 1942 asseruautur.

317 2008 498 2094 Integrioris
528 2009 668 2075 familiae
698 2011 790 2076 codex
819 2011 1055 2095 antiquissimus
1085 2012 1228 2096 idemque
1257 2016 1398 2096 optimus

221 2117 248 2182 Τ
275 2115 322 2178 est
350 2113 608 2179 laurinensis
635 2115 671 2179 F.
694 2114 750 2181 IV.
773 2113 814 2178 25
838 2115 904 2198 (T),
932 2115 1152 2192 bibliothocae,
1166 2116 1396 2196 uniuersitatis,

274 2218 306 2283 in
330 2217 450 2299 quarto,
474 2215 597 2302 paginis
613 2215 781 2300 bipertitis,
804 2216 884 2302 Ρ),
908 2223 943 2284 ut
958 2220 1090 2303 uidetur,
1109 2220 1232 2285 saeculo
1247 2219 1396 2302 scriptus.
1491 2267 1492 2276 κ

273 2321 326 2385 hic
348 2318 428 2385 liber
450 2320 526 2386 olim
544 2325 583 2387 ad
599 2321 820 2388 bibliothecam
835 2323 1015 2387 monasterii
1032 2323 1193 2389 Bobiensis
1209 2324 1396 2405 pertinebat,

274 2425 355 2508 qnod
386 2425 589 2507 inscriptione
618 2425 651 2489 in
678 2415 801 2490 summa
829 2423 899 2492 lolii
927 2425 1054 2490 secundi
1077 2429 1164 2509 parte
1187 2425 1288 2510 posita
1310 2425 1396 2492 indi-

273 2549 376 2613 catur:
410 2543 506 2611 Liber
528 2528 586 2611 s'cc‘o
606 2549 706 2630 [148]
728 2545 908 2612 coiombom'
930 2546 967 2612 oie
989 2547 1087 2631 bobio,
1122 2567 1198 2630 quaa
1231 2546 1397 2632 inscriptio

274 2667 394 2751 plenior
423 2668 496 2733 folio
518 2669 554 2733 4*
575 2671 723 2736 iteratur:
757 2668 808 2734 hic
838 2650 990 2734 liberast
1018 2669 1243 2735 monachornm
1267 2687 1398 2752 compre·

272 2790 413 2872 potionis
434 2770 497 2870 εοῖς
519 2789 647 2870 Iustino
668 2791 705 2856 ote
733 2791 936 2856 obseruantia
957 2771 1042 2854 mais
1063 2772 1122 2856 semro
1143 2789 1295 2855 benedicit
1316 2790 1399 2856 rest·

274 2910 382 2974 demtis
409 2909 446 2974 im
473 2899 547 2975 mois
575 2891 633 2974 soie
654 2910 837 2976 columboni
858 2911 895 2976 de
917 2909 1014 2975 bobio.
1044 2910 1079 2974 E
1098 2929 1179 2992 copo
1192 2892 1232 2975 ‘svo
1249 2892 1321 2975 mmo
1344 2915 1397 2978 17.

274 3030 368 3096 codex
395 3031 466 3096 inde
497 3051 516 3098 a
544 3033 618 3097 folio
644 3036 686 3096 1¹²
707 3032 745 3096 ad
768 3031 837 3096 24'2
864 3049 969 3096 omnes
991 3031 1084 3097 Vitae
1114 3035 1217 3115 partes
1246 3030 1398 3110 continet,

274 3137 311 3200 ut
334 3135 505 3218 principem
527 3137 631 3202 locum
653 3137 793 3217 Epistola
808 3135 956 3218 llugippii
973 3136 1011 3199 ad
1027 3134 1208 3200 Pascasium
1231 3134 1398 3198 diaconum

276 3239 415 3304 obtineat
437 3238 505 3324 (fol.
529 3239 702 3324 1¹·-2'²),
727 3238 874 3320 deinde³)
900 3238 1110 3321 capitulorum
1132 3239 1224 3303 index
1247 3239 1398 3320 aequatur

379 3444 399 3509 ¹)
419 3440 458 3494 Ex
484 3441 608 3495 omnihus
635 3442 769 3496 codicibus
788 3441 952 3497 Germanicis
979 3443 1097 3510 proxime
1124 3442 1158 3496 ad
1183 3457 1227 3496 eos
1253 3443 1397 3496 accessisse

276 3527 384 3582 uidetur
400 3528 470 3582 liber
488 3529 515 3582 S.
534 3527 696 3582 Emmerami
715 3528 925 3595 Ratisboneusis,
943 3545 973 3583 ex
991 3545 1043 3598 quo
1058 3529 1150 3584 vitam
1169 3529 1273 3584 Marcus
1291 3527 1398 3582 VVclser

276 3614 426 3683 (Augustae
443 3614 548 3669 Vindel.
568 3615 645 3681 1595)
664 3615 756 3669 edidit.

379 3721 399 3783 ¹)
418 3717 608 3772 Reifferscheid
635 3717 738 3772 eumX
764 3719 808 3772 uel
825 3719 866 3772 XI
893 3718 997 3774 saeculo
1025 3718 1154 3788 scriptum
1181 3734 1236 3772 osse
1264 3721 1397 3772 autumat.

275 3821 335 3858 cum
357 3807 446 3858 autem
466 3804 628 3858 Vaticanum
651 3805 774 3872 priorem,
802 3821 881 3873 quern
900 3803 1075 3874 SauppiusX
1100 3805 1202 3860 saeculo
1227 3805 1334 3858 exeunti
1352 3806 1398 3858 uel

275 3890 315 3944 XI
341 3891 446 3944 ineunti
474 3891 602 3959 assignat,
633 3905 664 3943 ox
689 3891 850 3944 Taurinonsi
881 3890 1041 3960 descriptum
1067 3907 1123 3944 esse
1150 3889 1398 3957 demonstrauerim,

276 3976 464 4030 Taurinensem
484 3977 572 4044 ipsum
591 3993 610 4029 s.
630 3975 655 4029 X
672 3977 804 4045 scripturn
821 3993 885 4042 esse,
903 3977 1059 4044 praesertim
1076 3993 1136 4030 cum
1154 3976 1270 4030 rationes
1293 3977 1397 4044 palaeo-

276 4062 416 4131 graphicae
434 4078 487 4116 non
505 4069 662 4131 repugnent,
680 4063 814 4118 affirmare
832 4078 885 4117 non
904 4063 1006 4117 dubito.

380 4165 400 4232 ³)
419 4165 497 4220 Hunc
514 4165 632 4219 ordinem
649 4167 794 4234 genuinum
813 4166 950 4236 archetypi
968 4166 1049 4220 fuisso
1067 4167 1094 4219 et
1112 4181 1141 4220 er
1156 4165 1277 4236 Epistola
1295 4165 1398 4232 Eugip-

276 4251 316 4321 pii
339 4257 457 4321 apparet,
478 4251 526 4306 ubi
544 4269 569 4321 p.
588 4253 614 4318 5,
632 4254 664 4306 21
683 4253 794 4321 legitur:
824 4253 887 4308 huic
910 4253 1039 4320 epistotae
1057 4253 1202 4307 oomimmoto
1221 4251 1399 4320 praelatis

276 4337 445 4407 capitalis
462 4340 715 4395 commemoratorio.
