<?xml version="1.0" encoding="UTF-8"?>
<!DOCTYPE html PUBLIC "-//W3C//DTD XHTML 1.0 Transitional//EN"
    "http://www.w3.org/TR/xhtml1/DTD/xhtml1-transitional.dtd">
<html xmlns="http://www.w3.org/1999/xhtml" xml:lang="en" lang="en">
 <head>
  <title>
</title>
<meta http-equiv="Content-Type" content="text/html;charset=utf-8" />
  <meta name='ocr-system' content='tesseract 3.04.00' />
  <meta name='ocr-capabilities' content='ocr_page ocr_carea ocr_par ocr_line ocrx_word'/>
</head>
<body>
  <div class='ocr_page' id='page_1' title='image "./evgippiivitasan00eugigoog_0099.png"; bbox 0 0 3054 4976; ppageno 0'>
   <div class='ocr_carea' id='block_1_1' title="bbox 287 445 933 514">
    <p class='ocr_par' dir='ltr' id='par_1_1' title="bbox 287 445 933 514">
     <span class='ocr_line' id='line_1_1' title="bbox 287 445 933 514; baseline 0.008 -6"><span class='ocrx_word' id='word_1_1' title='bbox 287 447 327 509; x_wconf 81' lang='grc'>66</span> <span class='ocrx_word' id='word_1_2' title='bbox 768 445 933 514; x_wconf 68' lang='lat' dir='ltr'>Eueinnii</span> 
     </span>
    </p>
   </div>
   <div class='ocr_carea' id='block_1_2' title="bbox 285 629 1432 1126">
    <p class='ocr_par' dir='ltr' id='par_1_2' title="bbox 285 629 1432 1126">
     <span class='ocr_line' id='line_1_2' title="bbox 287 629 1432 716; baseline -0.003 -18"><span class='ocrx_word' id='word_1_3' title='bbox 287 651 363 715; x_wconf 88' lang='lat' dir='ltr'>quos</span> <span class='ocrx_word' id='word_1_4' title='bbox 393 632 546 716; x_wconf 89' lang='lat' dir='ltr'>quaedam</span> <span class='ocrx_word' id='word_1_5' title='bbox 574 632 762 700; x_wconf 88' lang='lat' dir='ltr'>uenerabilis</span> <span class='ocrx_word' id='word_1_6' title='bbox 784 632 899 698; x_wconf 84' lang='lat' dir='ltr'>aneilla</span> <span class='ocrx_word' id='word_1_7' title='bbox 921 631 979 715; x_wconf 89' lang='lat' dir='ltr'>dei,</span> <span class='ocrx_word' id='word_1_8' title='bbox 1008 631 1157 697; x_wconf 87' lang='lat' dir='ltr'>Prooessa</span> <span class='ocrx_word' id='word_1_9' title='bbox 1178 631 1311 711; x_wconf 91' lang='lat' dir='ltr'>nomine,</span> <span class='ocrx_word' id='word_1_10' title='bbox 1333 629 1432 696; x_wconf 87' lang='lat' dir='ltr'>einis</span> 
     </span>
     <span class='ocr_line' id='line_1_3' title="bbox 286 734 1430 820; baseline -0.002 -21"><span class='ocrx_word' id='word_1_11' title='bbox 286 734 506 818; x_wconf 85' lang='lat' dir='ltr'>Neapolitana,</span> <span class='ocrx_word' id='word_1_12' title='bbox 529 754 600 800; x_wconf 90' lang='lat' dir='ltr'>eum</span> <span class='ocrx_word' id='word_1_13' title='bbox 622 736 847 820; x_wconf 90' lang='lat' dir='ltr'>grauissimum</span> <span class='ocrx_word' id='word_1_14' title='bbox 876 734 1083 820; x_wconf 72' lang='lat' dir='ltr'>aegritudinis</span> <span class='ocrx_word' id='word_1_15' title='bbox 1110 734 1272 817; x_wconf 88' lang='lat' dir='ltr'>pateretur</span> <span class='ocrx_word' id='word_1_16' title='bbox 1293 735 1430 798; x_wconf 89' lang='lat' dir='ltr'>ineom-</span> 
     </span>
     <span class='ocr_line' id='line_1_4' title="bbox 286 836 1430 922; baseline -0.002 -21"><span class='ocrx_word' id='word_1_17' title='bbox 286 839 422 920; x_wconf 90' lang='lat' dir='ltr'>modum,</span> <span class='ocrx_word' id='word_1_18' title='bbox 446 838 547 903; x_wconf 89' lang='lat' dir='ltr'>saneti</span> <span class='ocrx_word' id='word_1_19' title='bbox 570 837 688 903; x_wconf 84' lang='lat' dir='ltr'>funeris</span> <span class='ocrx_word' id='word_1_20' title='bbox 717 837 887 922; x_wconf 80' lang='lat' dir='ltr'>prouocata</span> <span class='ocrx_word' id='word_1_21' title='bbox 908 837 1082 904; x_wconf 88' lang='lat' dir='ltr'>uirtutibus</span> <span class='ocrx_word' id='word_1_22' title='bbox 1104 839 1137 902; x_wconf 91' lang='lat' dir='ltr'>in</span> <span class='ocrx_word' id='word_1_23' title='bbox 1158 836 1271 901; x_wconf 90' lang='lat' dir='ltr'>itinere</span> <span class='ocrx_word' id='word_1_24' title='bbox 1299 853 1430 918; x_wconf 88' lang='lat' dir='ltr'>prope-</span> 
     </span>
     <span class='ocr_line' id='line_1_5' title="bbox 285 935 1427 1025; baseline -0.003 -20"><span class='ocrx_word' id='word_1_25' title='bbox 285 942 390 1006; x_wconf 88' lang='lat' dir='ltr'>ranter</span> <span class='ocrx_word' id='word_1_26' title='bbox 411 941 548 1007; x_wconf 89' lang='lat' dir='ltr'>oeourrit</span> <span class='ocrx_word' id='word_1_27' title='bbox 570 944 603 1010; x_wconf 88' lang='lat' dir='ltr'>et</span> <span class='ocrx_word' id='word_1_28' title='bbox 624 943 766 1025; x_wconf 89' lang='lat' dir='ltr'>ingressa</span> <span class='ocrx_word' id='word_1_29' title='bbox 780 943 838 1008; x_wconf 88' lang='lat' dir='ltr'>sub</span> <span class='ocrx_word' id='word_1_30' title='bbox 856 942 1008 1019; x_wconf 89' lang='lat' dir='ltr'>uehieulo,</span> <span class='ocrx_word' id='word_1_31' title='bbox 1031 960 1091 1024; x_wconf 90' lang='lat' dir='ltr'>quo</span> <span class='ocrx_word' id='word_1_32' title='bbox 1107 959 1218 1024; x_wconf 87' lang='lat' dir='ltr'>eorpus</span> <span class='ocrx_word' id='word_1_33' title='bbox 1233 935 1427 1006; x_wconf 90' lang='lat' dir='ltr'>uenerabile</span> 
     </span>
     <span class='ocr_line' id='line_1_6' title="bbox 285 1043 1286 1126; baseline -0.001 -18"><span class='ocrx_word' id='word_1_34' title='bbox 285 1043 476 1126; x_wconf 86' lang='lat' dir='ltr'>portabatur,</span> <span class='ocrx_word' id='word_1_35' title='bbox 497 1046 606 1111; x_wconf 87' lang='lat' dir='ltr'>statim</span> <span class='ocrx_word' id='word_1_36' title='bbox 628 1046 728 1110; x_wconf 88' lang='lat' dir='ltr'>earnit</span> <span class='ocrx_word' id='word_1_37' title='bbox 750 1045 890 1110; x_wconf 88' lang='lat' dir='ltr'>omnium</span> <span class='ocrx_word' id='word_1_38' title='bbox 913 1045 1041 1126; x_wconf 89' lang='lat' dir='ltr'>langore</span> <span class='ocrx_word' id='word_1_39' title='bbox 1063 1044 1286 1109; x_wconf 90' lang='lat' dir='ltr'>membrorum.</span> 
     </span>
    </p>
   </div>
   <div class='ocr_carea' id='block_1_3' title="bbox 254 1177 1464 2090">
    <p class='ocr_par' dir='ltr' id='par_1_3' title="bbox 254 1177 1464 2090">
     <span class='ocr_line' id='line_1_7' title="bbox 254 1177 1424 1267; baseline -0.004 -21"><span class='ocrx_word' id='word_1_40' title='bbox 254 1191 276 1255; x_wconf 78' lang='lat'>4</span> <span class='ocrx_word' id='word_1_41' title='bbox 330 1182 428 1266; x_wconf 75' lang='lat' dir='ltr'>[Tune</span> <span class='ocrx_word' id='word_1_42' title='bbox 465 1183 498 1248; x_wconf 89' lang='lat' dir='ltr'>ot</span> <span class='ocrx_word' id='word_1_43' title='bbox 534 1183 701 1249; x_wconf 86' lang='lat' dir='ltr'>Laudicins</span> <span class='ocrx_word' id='word_1_44' title='bbox 735 1183 862 1267; x_wconf 90' lang='lat' dir='ltr'>quidam</span> <span class='ocrx_word' id='word_1_45' title='bbox 900 1201 1017 1266; x_wconf 88' lang='lat' dir='ltr'>oaeeus,</span> <span class='ocrx_word' id='word_1_46' title='bbox 1054 1181 1215 1264; x_wconf 85' lang='lat' dir='ltr'>inopinato</span> <span class='ocrx_word' id='word_1_47' title='bbox 1247 1177 1424 1262; x_wconf 89' lang='lat' dir='ltr'>psallentis</span> 
     </span>
     <span class='ocr_line' id='line_1_8' title="bbox 284 1283 1423 1370; baseline -0.004 -20"><span class='ocrx_word' id='word_1_48' title='bbox 284 1285 391 1366; x_wconf 93' lang='lat' dir='ltr'>populi</span> <span class='ocrx_word' id='word_1_49' title='bbox 414 1287 549 1352; x_wconf 85' lang='lat' dir='ltr'>elamore</span> <span class='ocrx_word' id='word_1_50' title='bbox 570 1285 741 1370; x_wconf 83' lang='lat' dir='ltr'>perculsus,</span> <span class='ocrx_word' id='word_1_51' title='bbox 765 1285 901 1351; x_wconf 79' lang='lat' dir='ltr'>sollicite</span> <span class='ocrx_word' id='word_1_52' title='bbox 923 1303 994 1350; x_wconf 91' lang='lat' dir='ltr'>suos</span> <span class='ocrx_word' id='word_1_53' title='bbox 1017 1284 1091 1366; x_wconf 91' lang='lat' dir='ltr'>quid</span> <span class='ocrx_word' id='word_1_54' title='bbox 1118 1284 1199 1349; x_wconf 89' lang='lat' dir='ltr'>esset</span> <span class='ocrx_word' id='word_1_55' title='bbox 1227 1283 1423 1364; x_wconf 86' lang='lat' dir='ltr'>interrogat.</span> 
     </span>
     <span class='ocr_line' id='line_1_9' title="bbox 284 1385 1420 1473; baseline 0 -22"><span class='ocrx_word' id='word_1_56' title='bbox 284 1387 549 1473; x_wconf 78' lang='lat' dir='ltr'>respondentibus,</span> <span class='ocrx_word' id='word_1_57' title='bbox 574 1389 656 1472; x_wconf 91' lang='lat' dir='ltr'>quod</span> <span class='ocrx_word' id='word_1_58' title='bbox 671 1390 833 1454; x_wconf 76' lang='lat' dir='ltr'>cuiusdam</span> <span class='ocrx_word' id='word_1_59' title='bbox 851 1388 951 1453; x_wconf 87' lang='lat' dir='ltr'>saneti</span> <span class='ocrx_word' id='word_1_60' title='bbox 967 1385 1108 1452; x_wconf 84' lang='lat' dir='ltr'>Seuerini</span> <span class='ocrx_word' id='word_1_61' title='bbox 1123 1405 1234 1470; x_wconf 87' lang='lat' dir='ltr'>eorpus</span> <span class='ocrx_word' id='word_1_62' title='bbox 1250 1386 1420 1462; x_wconf 78' lang='lat' dir='ltr'>transiret,</span> 
     </span>
     <span class='ocr_line' id='line_1_10' title="bbox 284 1490 1419 1574; baseline -0.001 -19"><span class='ocrx_word' id='word_1_63' title='bbox 284 1493 486 1574; x_wconf 81' lang='lat' dir='ltr'>compunctus</span> <span class='ocrx_word' id='word_1_64' title='bbox 520 1491 560 1557; x_wconf 88' lang='lat' dir='ltr'>ad</span> <span class='ocrx_word' id='word_1_65' title='bbox 592 1493 762 1559; x_wconf 81' lang='lat' dir='ltr'>fenestram</span> <span class='ocrx_word' id='word_1_66' title='bbox 793 1509 826 1556; x_wconf 89' lang='lat' dir='ltr'>ee</span> <span class='ocrx_word' id='word_1_67' title='bbox 859 1492 931 1556; x_wconf 90' lang='lat' dir='ltr'>duei</span> <span class='ocrx_word' id='word_1_68' title='bbox 959 1492 1060 1574; x_wconf 85' lang='lat' dir='ltr'>rogat,</span> <span class='ocrx_word' id='word_1_69' title='bbox 1090 1490 1127 1555; x_wconf 92' lang='lat' dir='ltr'>de</span> <span class='ocrx_word' id='word_1_70' title='bbox 1156 1508 1217 1573; x_wconf 92' lang='lat' dir='ltr'>qua</span> <span class='ocrx_word' id='word_1_71' title='bbox 1245 1491 1369 1573; x_wconf 87' lang='lat' dir='ltr'>poterat</span> <span class='ocrx_word' id='word_1_72' title='bbox 1394 1507 1419 1554; x_wconf 85' lang='lat' dir='ltr'>a</span> 
     </span>
     <span class='ocr_line' id='line_1_11' title="bbox 283 1591 1464 1677; baseline 0.002 -19"><span class='ocrx_word' id='word_1_73' title='bbox 283 1595 367 1660; x_wconf 88' lang='lat' dir='ltr'>sanis</span> <span class='ocrx_word' id='word_1_74' title='bbox 386 1595 516 1659; x_wconf 47' lang='lat' dir='ltr'>,eminus</span> <span class='ocrx_word' id='word_1_75' title='bbox 544 1595 715 1661; x_wconf 85' lang='lat' dir='ltr'>multitudo</span> <span class='ocrx_word' id='word_1_76' title='bbox 741 1594 943 1677; x_wconf 89' lang='lat' dir='ltr'>psallentium</span> <span class='ocrx_word' id='word_1_77' title='bbox 976 1596 1068 1676; x_wconf 88' lang='lat' dir='ltr'>atque</span> <span class='ocrx_word' id='word_1_78' title='bbox 1097 1592 1279 1659; x_wconf 85' lang='lat' dir='ltr'>uehiculum</span> <span class='ocrx_word' id='word_1_79' title='bbox 1307 1591 1464 1659; x_wconf 73' lang='lat' dir='ltr'>sanctire</span> 
     </span>
     <span class='ocr_line' id='line_1_12' title="bbox 283 1696 1418 1780; baseline -0.003 -19"><span class='ocrx_word' id='word_1_80' title='bbox 283 1697 419 1778; x_wconf 89' lang='lat' dir='ltr'>eorporis</span> <span class='ocrx_word' id='word_1_81' title='bbox 449 1698 659 1780; x_wconf 82' lang='lat' dir='ltr'>contemplari.</span> <span class='ocrx_word' id='word_1_82' title='bbox 697 1716 829 1779; x_wconf 87' lang='lat' dir='ltr'>eumque</span> <span class='ocrx_word' id='word_1_83' title='bbox 859 1698 1013 1763; x_wconf 83' lang='lat' dir='ltr'>fenestrae</span> <span class='ocrx_word' id='word_1_84' title='bbox 1041 1696 1131 1763; x_wconf 84' lang='lat' dir='ltr'>nixus</span> <span class='ocrx_word' id='word_1_85' title='bbox 1158 1697 1352 1761; x_wconf 85' lang='lat' dir='ltr'>ineumberet</span> <span class='ocrx_word' id='word_1_86' title='bbox 1380 1696 1418 1759; x_wconf 90' lang='lat' dir='ltr'>et</span> 
     </span>
     <span class='ocr_line' id='line_1_13' title="bbox 282 1798 1415 1884; baseline -0.002 -21"><span class='ocrx_word' id='word_1_87' title='bbox 282 1802 394 1882; x_wconf 83' lang='lat' dir='ltr'>oraret,</span> <span class='ocrx_word' id='word_1_88' title='bbox 417 1800 559 1883; x_wconf 89' lang='lat' dir='ltr'>protinus</span> <span class='ocrx_word' id='word_1_89' title='bbox 581 1799 674 1880; x_wconf 86' lang='lat' dir='ltr'>uidit,</span> <span class='ocrx_word' id='word_1_90' title='bbox 703 1800 893 1884; x_wconf 80' lang='lat' dir='ltr'>singillatim</span> <span class='ocrx_word' id='word_1_91' title='bbox 921 1800 1169 1882; x_wconf 86' lang='lat' dir='ltr'>nominatimque</span> <span class='ocrx_word' id='word_1_92' title='bbox 1195 1798 1415 1863; x_wconf 90' lang='lat' dir='ltr'>demonstrans</span> 
     </span>
     <span class='ocr_line' id='line_1_14' title="bbox 282 1902 1413 1986; baseline -0.001 -22"><span class='ocrx_word' id='word_1_93' title='bbox 282 1919 388 1966; x_wconf 89' lang='lat' dir='ltr'>omnes</span> <span class='ocrx_word' id='word_1_94' title='bbox 418 1903 506 1968; x_wconf 85' lang='lat' dir='ltr'>notos</span> <span class='ocrx_word' id='word_1_95' title='bbox 534 1906 628 1986; x_wconf 85' lang='lat' dir='ltr'>atque</span> <span class='ocrx_word' id='word_1_96' title='bbox 657 1903 785 1968; x_wconf 89' lang='lat' dir='ltr'>uieinos.</span> <span class='ocrx_word' id='word_1_97' title='bbox 825 1921 884 1985; x_wconf 96' lang='lat' dir='ltr'>quo</span> <span class='ocrx_word' id='word_1_98' title='bbox 911 1903 994 1968; x_wconf 80' lang='lat' dir='ltr'>laeto</span> <span class='ocrx_word' id='word_1_99' title='bbox 1020 1903 1133 1984; x_wconf 80' lang='lat' dir='ltr'>annoti,</span> <span class='ocrx_word' id='word_1_100' title='bbox 1156 1902 1210 1985; x_wconf 90' lang='lat' dir='ltr'>qui</span> <span class='ocrx_word' id='word_1_101' title='bbox 1233 1902 1413 1983; x_wconf 84' lang='lat' dir='ltr'>audierant,</span> 
     </span>
     <span class='ocr_line' id='line_1_15' title="bbox 282 2004 1098 2090; baseline 0 -22"><span class='ocrx_word' id='word_1_102' title='bbox 282 2005 400 2085; x_wconf 87' lang='lat' dir='ltr'>gratias</span> <span class='ocrx_word' id='word_1_103' title='bbox 422 2004 479 2070; x_wconf 91' lang='lat' dir='ltr'>deo</span> <span class='ocrx_word' id='word_1_104' title='bbox 501 2005 740 2072; x_wconf 79' lang='lat' dir='ltr'>lacrimantibus</span> <span class='ocrx_word' id='word_1_105' title='bbox 767 2005 890 2090; x_wconf 90' lang='lat' dir='ltr'>gaudiis</span> <span class='ocrx_word' id='word_1_106' title='bbox 912 2007 1098 2071; x_wconf 89' lang='lat' dir='ltr'>retulerunt.</span> 
     </span>
    </p>
   </div>
   <div class='ocr_carea' id='block_1_4' title="bbox 251 2143 1456 2744">
    <p class='ocr_par' dir='ltr' id='par_1_4' title="bbox 251 2143 1456 2744">
     <span class='ocr_line' id='line_1_16' title="bbox 251 2143 1456 2227; baseline -0.002 -19"><span class='ocrx_word' id='word_1_107' title='bbox 251 2153 272 2216; x_wconf 82' lang='lat'>5</span> <span class='ocrx_word' id='word_1_108' title='bbox 323 2143 463 2208; x_wconf 84' lang='lat' dir='ltr'>Marinus</span> <span class='ocrx_word' id='word_1_109' title='bbox 496 2163 625 2227; x_wconf 88' lang='lat' dir='ltr'>qnoque,</span> <span class='ocrx_word' id='word_1_110' title='bbox 662 2143 857 2227; x_wconf 80' lang='lat' dir='ltr'>primicerius</span> <span class='ocrx_word' id='word_1_111' title='bbox 895 2149 1057 2210; x_wconf 83' lang='lat' dir='ltr'>cantorum</span> <span class='ocrx_word' id='word_1_112' title='bbox 1095 2146 1223 2209; x_wconf 85' lang='lat' dir='ltr'>sanctae</span> <span class='ocrx_word' id='word_1_113' title='bbox 1261 2143 1413 2208; x_wconf 81' lang='lat' dir='ltr'>eeclesiae</span> <span class='ocrx_word' id='word_1_114' title='bbox 1427 2168 1456 2206; x_wconf 62' lang='grc' dir='ltr'>ιε,</span> 
     </span>
     <span class='ocr_line' id='line_1_17' title="bbox 271 2244 1412 2330; baseline -0.002 -20"><span class='ocrx_word' id='word_1_115' title='bbox 271 2244 515 2329; x_wconf 81' lang='lat' dir='ltr'>Neapolitanae,</span> <span class='ocrx_word' id='word_1_116' title='bbox 549 2265 621 2312; x_wconf 88' lang='lat' dir='ltr'>eum</span> <span class='ocrx_word' id='word_1_117' title='bbox 654 2250 822 2313; x_wconf 88' lang='lat' dir='ltr'>sanitatem</span> <span class='ocrx_word' id='word_1_118' title='bbox 855 2249 926 2330; x_wconf 92' lang='lat' dir='ltr'>poet</span> <span class='ocrx_word' id='word_1_119' title='bbox 955 2247 1215 2314; x_wconf 89' lang='lat' dir='ltr'>immanissimum</span> <span class='ocrx_word' id='word_1_120' title='bbox 1248 2245 1412 2328; x_wconf 90' lang='lat' dir='ltr'>langorem</span> 
     </span>
     <span class='ocr_line' id='line_1_18' title="bbox 281 2348 1412 2434; baseline 0 -22"><span class='ocrx_word' id='word_1_121' title='bbox 281 2348 417 2430; x_wconf 82' lang='lat' dir='ltr'>recipere</span> <span class='ocrx_word' id='word_1_122' title='bbox 439 2367 493 2432; x_wconf 90' lang='lat' dir='ltr'>pro</span> <span class='ocrx_word' id='word_1_123' title='bbox 516 2349 695 2415; x_wconf 76' lang='lat' dir='ltr'>incessabili</span> <span class='ocrx_word' id='word_1_124' title='bbox 717 2350 829 2432; x_wconf 84' lang='lat' dir='ltr'>eapitis</span> <span class='ocrx_word' id='word_1_125' title='bbox 855 2351 959 2416; x_wconf 91' lang='lat' dir='ltr'>dolore</span> <span class='ocrx_word' id='word_1_126' title='bbox 981 2369 1043 2416; x_wconf 90' lang='lat' dir='ltr'>uon</span> <span class='ocrx_word' id='word_1_127' title='bbox 1065 2352 1179 2434; x_wconf 87' lang='lat' dir='ltr'>posset,</span> <span class='ocrx_word' id='word_1_128' title='bbox 1202 2349 1297 2432; x_wconf 85' lang='lat' dir='ltr'>eaput</span> <span class='ocrx_word' id='word_1_129' title='bbox 1318 2348 1412 2412; x_wconf 88' lang='lat' dir='ltr'>uehi-</span> 
     </span>
     <span class='ocr_line' id='line_1_19' title="bbox 282 2449 1411 2537; baseline -0.001 -22"><span class='ocrx_word' id='word_1_130' title='bbox 282 2452 351 2518; x_wconf 89' lang='lat' dir='ltr'>oulo</span> <span class='ocrx_word' id='word_1_131' title='bbox 386 2452 512 2518; x_wconf 89' lang='lat' dir='ltr'>eredens</span> <span class='ocrx_word' id='word_1_132' title='bbox 544 2454 688 2537; x_wconf 89' lang='lat' dir='ltr'>apposnit</span> <span class='ocrx_word' id='word_1_133' title='bbox 717 2457 749 2520; x_wconf 87' lang='lat' dir='ltr'>et</span> <span class='ocrx_word' id='word_1_134' title='bbox 776 2473 847 2519; x_wconf 88' lang='lat' dir='ltr'>mor</span> <span class='ocrx_word' id='word_1_135' title='bbox 875 2473 894 2520; x_wconf 89' lang='lat' dir='ltr'>a</span> <span class='ocrx_word' id='word_1_136' title='bbox 922 2455 1026 2522; x_wconf 94' lang='lat' dir='ltr'>dolore</span> <span class='ocrx_word' id='word_1_137' title='bbox 1060 2455 1194 2520; x_wconf 86' lang='lat' dir='ltr'>liberum</span> <span class='ocrx_word' id='word_1_138' title='bbox 1227 2449 1411 2519; x_wconf 87' lang='lat' dir='ltr'>subleuauit</span> 
     </span>
     <span class='ocr_line' id='line_1_20' title="bbox 280 2556 1409 2641; baseline 0 -23"><span class='ocrx_word' id='word_1_139' title='bbox 280 2572 460 2636; x_wconf 85' lang='lat' dir='ltr'>memorque</span> <span class='ocrx_word' id='word_1_140' title='bbox 483 2556 624 2621; x_wconf 79' lang='lat' dir='ltr'>beneficii</span> <span class='ocrx_word' id='word_1_141' title='bbox 646 2575 768 2640; x_wconf 90' lang='lat' dir='ltr'>semper</span> <span class='ocrx_word' id='word_1_142' title='bbox 790 2559 822 2622; x_wconf 93' lang='lat' dir='ltr'>in</span> <span class='ocrx_word' id='word_1_143' title='bbox 845 2559 894 2623; x_wconf 89' lang='lat' dir='ltr'>die</span> <span class='ocrx_word' id='word_1_144' title='bbox 926 2557 1129 2641; x_wconf 89' lang='lat' dir='ltr'>depositionis</span> <span class='ocrx_word' id='word_1_145' title='bbox 1151 2556 1218 2620; x_wconf 88' lang='lat' dir='ltr'>eins</span> <span class='ocrx_word' id='word_1_146' title='bbox 1242 2573 1409 2621; x_wconf 88' lang='lat' dir='ltr'>oeourrens</span> 
     </span>
     <span class='ocr_line' id='line_1_21' title="bbox 281 2656 1451 2744; baseline 0.003 -25"><span class='ocrx_word' id='word_1_147' title='bbox 281 2656 348 2721; x_wconf 91' lang='lat' dir='ltr'>uoti</span> <span class='ocrx_word' id='word_1_148' title='bbox 370 2656 557 2723; x_wconf 78' lang='lat' dir='ltr'>sacrificium</span> <span class='ocrx_word' id='word_1_149' title='bbox 579 2660 635 2724; x_wconf 90' lang='lat' dir='ltr'>deo</span> <span class='ocrx_word' id='word_1_150' title='bbox 658 2679 729 2725; x_wconf 89' lang='lat' dir='ltr'>oum</span> <span class='ocrx_word' id='word_1_151' title='bbox 750 2662 925 2744; x_wconf 87' lang='lat' dir='ltr'>gratiarum</span> <span class='ocrx_word' id='word_1_152' title='bbox 946 2661 1072 2727; x_wconf 87' lang='lat' dir='ltr'>aetione</span> <span class='ocrx_word' id='word_1_153' title='bbox 1092 2659 1251 2726; x_wconf 88' lang='lat' dir='ltr'>reddebat.</span> <span class='ocrx_word' id='word_1_154' title='bbox 1420 2685 1451 2724; x_wconf 77' lang='lat' dir='ltr'>ao</span> 
     </span>
    </p>
   </div>
   <div class='ocr_carea' id='block_1_5' title="bbox 249 2796 1407 3189">
    <p class='ocr_par' dir='ltr' id='par_1_5' title="bbox 249 2796 1407 3189">
     <span class='ocr_line' id='line_1_22' title="bbox 249 2796 1407 2881; baseline -0.003 -17"><span class='ocrx_word' id='word_1_155' title='bbox 249 2799 270 2864; x_wconf 89' lang='grc'><strong>6</strong></span> <span class='ocrx_word' id='word_1_156' title='bbox 322 2796 440 2862; x_wconf 89' lang='lat' dir='ltr'>Verum</span> <span class='ocrx_word' id='word_1_157' title='bbox 469 2797 579 2862; x_wconf 86' lang='lat' dir='ltr'>multis</span> <span class='ocrx_word' id='word_1_158' title='bbox 608 2799 698 2881; x_wconf 90' lang='lat' dir='ltr'>plura</span> <span class='ocrx_word' id='word_1_159' title='bbox 727 2798 899 2864; x_wconf 87' lang='lat' dir='ltr'>solentibus</span> <span class='ocrx_word' id='word_1_160' title='bbox 922 2799 1058 2866; x_wconf 85' lang='lat' dir='ltr'>snlfioiat</span> <span class='ocrx_word' id='word_1_161' title='bbox 1080 2801 1141 2866; x_wconf 87' lang='lat' dir='ltr'>tria</span> <span class='ocrx_word' id='word_1_162' title='bbox 1163 2801 1200 2865; x_wconf 90' lang='lat' dir='ltr'>de</span> <span class='ocrx_word' id='word_1_163' title='bbox 1223 2797 1407 2874; x_wconf 83' lang='lat' dir='ltr'>innumeris,</span> 
     </span>
     <span class='ocr_line' id='line_1_23' title="bbox 279 2899 1407 2983; baseline 0.001 -20"><span class='ocrx_word' id='word_1_164' title='bbox 279 2916 356 2980; x_wconf 89' lang='lat' dir='ltr'>qnae</span> <span class='ocrx_word' id='word_1_165' title='bbox 384 2901 416 2963; x_wconf 93' lang='lat' dir='ltr'>in</span> <span class='ocrx_word' id='word_1_166' title='bbox 444 2899 585 2982; x_wconf 89' lang='lat' dir='ltr'>ingressu</span> <span class='ocrx_word' id='word_1_167' title='bbox 614 2901 679 2965; x_wconf 87' lang='lat' dir='ltr'>eius</span> <span class='ocrx_word' id='word_1_168' title='bbox 708 2905 795 2983; x_wconf 85' lang='lat' dir='ltr'>gesta</span> <span class='ocrx_word' id='word_1_169' title='bbox 824 2905 906 2978; x_wconf 91' lang='lat' dir='ltr'>sunt,</span> <span class='ocrx_word' id='word_1_170' title='bbox 939 2902 1159 2968; x_wconf 81' lang='lat' dir='ltr'>beneficiorum</span> <span class='ocrx_word' id='word_1_171' title='bbox 1187 2902 1407 2983; x_wconf 86' lang='lat' dir='ltr'>uirtutumque</span> 
     </span>
     <span class='ocr_line' id='line_1_24' title="bbox 279 3001 1407 3088; baseline 0.002 -23"><span class='ocrx_word' id='word_1_172' title='bbox 279 3001 422 3067; x_wconf 90' lang='lat' dir='ltr'>retulisse</span> <span class='ocrx_word' id='word_1_173' title='bbox 437 3003 611 3088; x_wconf 78' lang='lat' dir='ltr'>miracula]</span> <span class='ocrx_word' id='word_1_174' title='bbox 635 3003 862 3069; x_wconf 86' lang='lat' dir='ltr'>Monasterinm</span> <span class='ocrx_word' id='word_1_175' title='bbox 878 3005 977 3088; x_wconf 88' lang='lat' dir='ltr'>igitur</span> <span class='ocrx_word' id='word_1_176' title='bbox 992 3009 1099 3072; x_wconf 88' lang='lat' dir='ltr'>eodem</span> <span class='ocrx_word' id='word_1_177' title='bbox 1111 3006 1177 3070; x_wconf 85' lang='lat' dir='ltr'>loeo</span> <span class='ocrx_word' id='word_1_178' title='bbox 1188 3007 1407 3070; x_wconf 75' lang='lat' dir='ltr'>constructum</span> 
     </span>
     <span class='ocr_line' id='line_1_25' title="bbox 278 3105 1406 3189; baseline 0.001 -21"><span class='ocrx_word' id='word_1_179' title='bbox 278 3105 316 3168; x_wconf 89' lang='lat' dir='ltr'>ed</span> <span class='ocrx_word' id='word_1_180' title='bbox 345 3105 529 3170; x_wconf 89' lang='lat' dir='ltr'>memoriam</span> <span class='ocrx_word' id='word_1_181' title='bbox 559 3105 645 3170; x_wconf 87' lang='lat' dir='ltr'>beati</span> <span class='ocrx_word' id='word_1_182' title='bbox 667 3105 816 3174; x_wconf 85' lang='lat' dir='ltr'>haetenus</span> <span class='ocrx_word' id='word_1_183' title='bbox 845 3108 1033 3189; x_wconf 88' lang='lat' dir='ltr'>perseuerat,</span> <span class='ocrx_word' id='word_1_184' title='bbox 1055 3109 1143 3173; x_wconf 85' lang='lat' dir='ltr'>anius</span> <span class='ocrx_word' id='word_1_185' title='bbox 1165 3107 1287 3173; x_wconf 88' lang='lat' dir='ltr'>meritis</span> <span class='ocrx_word' id='word_1_186' title='bbox 1308 3106 1406 3170; x_wconf 88' lang='lat' dir='ltr'>multi</span> 
     </span>
    </p>
   </div>
   <div class='ocr_carea' id='block_1_6' title="bbox 274 3409 1408 4334">
    <p class='ocr_par' dir='ltr' id='par_1_6' title="bbox 274 3409 1408 4334">
     <span class='ocr_line' id='line_1_26' title="bbox 331 3409 1334 3478; baseline 0.007 -17"><span class='ocrx_word' id='word_1_187' title='bbox 331 3411 343 3461; x_wconf 99' lang='grc'><strong>1</strong></span> <span class='ocrx_word' id='word_1_188' title='bbox 373 3409 514 3478; x_wconf 81' lang='lat' dir='ltr'>quaedam]</span> <span class='ocrx_word' id='word_1_189' title='bbox 541 3411 682 3478; x_wconf 66' lang='lat' dir='ltr'>quq-edem</span> <span class='ocrx_word' id='word_1_190' title='bbox 710 3412 738 3465; x_wconf 87' lang='lat' dir='ltr'><strong><em>L</em></strong></span> <span class='ocrx_word' id='word_1_191' title='bbox 845 3411 913 3466; x_wconf 87' lang='lat' dir='ltr'>einis</span> <span class='ocrx_word' id='word_1_192' title='bbox 943 3411 1135 3468; x_wconf 75' lang='lat' dir='ltr'><strong><em>OGMNTV&#39;:</em></strong></span> <span class='ocrx_word' id='word_1_193' title='bbox 1164 3414 1240 3467; x_wconf 88' lang='lat' dir='ltr'>euius</span> <span class='ocrx_word' id='word_1_194' title='bbox 1267 3413 1334 3468; x_wconf 86' lang='lat' dir='ltr'>LV¹</span> 
     </span>
     <span class='ocr_line' id='line_1_27' title="bbox 277 3493 1404 3568; baseline 0.005 -23"><span class='ocrx_word' id='word_1_195' title='bbox 277 3493 293 3545; x_wconf 78' lang='grc'><strong>2</strong></span> <span class='ocrx_word' id='word_1_196' title='bbox 317 3494 485 3561; x_wconf 76' lang='lat' dir='ltr'>neapolitano</span> <span class='ocrx_word' id='word_1_197' title='bbox 503 3495 542 3548; x_wconf 85' lang='lat' dir='ltr'>L¹</span> <span class='ocrx_word' id='word_1_198' title='bbox 567 3495 736 3565; x_wconf 79' lang='lat' dir='ltr'>neapolitanq</span> <span class='ocrx_word' id='word_1_199' title='bbox 754 3497 793 3550; x_wconf 68' lang='lat'>12²</span> <span class='ocrx_word' id='word_1_200' title='bbox 895 3498 1058 3566; x_wconf 85' lang='lat' dir='ltr'>egritudinis</span> <span class='ocrx_word' id='word_1_201' title='bbox 1078 3498 1224 3554; x_wconf 80' lang='lat' dir='ltr'><strong><em>GLMTV</em></strong></span> <span class='ocrx_word' id='word_1_202' title='bbox 1323 3499 1404 3568; x_wconf 75' lang='lat' dir='ltr'>sin]</span> 
     </span>
     <span class='ocr_line' id='line_1_28' title="bbox 277 3578 1337 3653; baseline 0.005 -21"><span class='ocrx_word' id='word_1_203' title='bbox 277 3595 326 3632; x_wconf 79' lang='lat' dir='ltr'>oua</span> <span class='ocrx_word' id='word_1_204' title='bbox 345 3578 372 3632; x_wconf 82' lang='lat' dir='ltr'><em>L</em></span> <span class='ocrx_word' id='word_1_205' title='bbox 475 3579 580 3646; x_wconf 88' lang='lat' dir='ltr'>itinere]</span> <span class='ocrx_word' id='word_1_206' title='bbox 599 3580 725 3634; x_wconf 90' lang='lat' dir='ltr'>initinere</span> <span class='ocrx_word' id='word_1_207' title='bbox 746 3581 773 3635; x_wconf 87' lang='lat' dir='ltr'><strong><em>V</em></strong></span> <span class='ocrx_word' id='word_1_208' title='bbox 866 3584 1046 3653; x_wconf 84' lang='lat' dir='ltr'>properanter]</span> <span class='ocrx_word' id='word_1_209' title='bbox 1063 3600 1117 3653; x_wconf 83' lang='lat' dir='ltr'>ppo</span> <span class='ocrx_word' id='word_1_210' title='bbox 1134 3587 1282 3652; x_wconf 87' lang='lat' dir='ltr'>(=prope)</span> <span class='ocrx_word' id='word_1_211' title='bbox 1300 3583 1337 3637; x_wconf 89' lang='grc' dir='ltr'><em>Μ</em></span> 
     </span>
     <span class='ocr_line' id='line_1_29' title="bbox 275 3664 1405 3738; baseline 0.004 -21"><span class='ocrx_word' id='word_1_212' title='bbox 275 3664 533 3731; x_wconf 83' lang='lat' dir='ltr'>4oeeurrit-qno]</span> <span class='ocrx_word' id='word_1_213' title='bbox 552 3680 601 3719; x_wconf 82' lang='lat' dir='ltr'>orn.</span> <span class='ocrx_word' id='word_1_214' title='bbox 619 3665 656 3718; x_wconf 87' lang='grc' dir='ltr'><em>Μ</em></span> <span class='ocrx_word' id='word_1_215' title='bbox 755 3667 906 3720; x_wconf 83' lang='lat' dir='ltr'>uehiculum</span> <span class='ocrx_word' id='word_1_216' title='bbox 926 3668 953 3722; x_wconf 79' lang='lat' dir='ltr'><em>G</em></span> <span class='ocrx_word' id='word_1_217' title='bbox 1048 3676 1114 3736; x_wconf 81' lang='lat' dir='ltr'>pust</span> <span class='ocrx_word' id='word_1_218' title='bbox 1132 3686 1227 3738; x_wconf 84' lang='lat' dir='ltr'>corpus</span> <span class='ocrx_word' id='word_1_219' title='bbox 1245 3674 1332 3724; x_wconf 67' lang='lat' dir='ltr'>rand</span> <span class='ocrx_word' id='word_1_220' title='bbox 1349 3671 1405 3724; x_wconf 67' lang='lat' dir='ltr'>lita.</span> 
     </span>
     <span class='ocr_line' id='line_1_30' title="bbox 275 3748 1407 3824; baseline 0.007 -22"><span class='ocrx_word' id='word_1_221' title='bbox 275 3752 307 3802; x_wconf 78' lang='lat' dir='ltr'>in</span> <span class='ocrx_word' id='word_1_222' title='bbox 329 3749 356 3803; x_wconf 87' lang='lat' dir='ltr'><strong><em>V</em></strong></span> <span class='ocrx_word' id='word_1_223' title='bbox 450 3748 601 3802; x_wconf 79' lang='lat' dir='ltr'>uenerabile</span> <span class='ocrx_word' id='word_1_224' title='bbox 620 3765 716 3819; x_wconf 88' lang='lat' dir='ltr'>eorpus</span> <span class='ocrx_word' id='word_1_225' title='bbox 732 3752 769 3804; x_wconf 89' lang='grc' dir='ltr'><em>Μ</em></span> <span class='ocrx_word' id='word_1_226' title='bbox 864 3753 1028 3824; x_wconf 77' lang='lat' dir='ltr'>bomnium]</span> <span class='ocrx_word' id='word_1_227' title='bbox 1047 3755 1120 3808; x_wconf 91' lang='lat' dir='ltr'>omni</span> <span class='ocrx_word' id='word_1_228' title='bbox 1137 3755 1175 3807; x_wconf 84' lang='grc' dir='ltr'><em>Μ</em></span> <span class='ocrx_word' id='word_1_229' title='bbox 1273 3757 1407 3824; x_wconf 81' lang='lat' dir='ltr'>languore</span> 
     </span>
     <span class='ocr_line' id='line_1_31' title="bbox 280 3833 1404 3895; baseline 0.004 -5"><span class='ocrx_word' id='word_1_230' title='bbox 280 3833 433 3890; x_wconf 68' lang='lat' dir='ltr'><strong><em>OGMNV‘</em></strong></span> <span class='ocrx_word' id='word_1_231' title='bbox 501 3833 670 3888; x_wconf 87' lang='lat' dir='ltr'>menbrorum</span> <span class='ocrx_word' id='word_1_232' title='bbox 682 3836 743 3890; x_wconf 82' lang='lat' dir='ltr'>LN</span> <span class='ocrx_word' id='word_1_233' title='bbox 807 3836 910 3891; x_wconf 83' lang='lat' dir='ltr'>6Tune</span> <span class='ocrx_word' id='word_1_234' title='bbox 919 3840 947 3890; x_wconf 88' lang='lat' dir='ltr'>et</span> <span class='ocrx_word' id='word_1_235' title='bbox 955 3837 1176 3893; x_wconf 77' lang='lat' dir='ltr'>bandinius-23</span> <span class='ocrx_word' id='word_1_236' title='bbox 1188 3841 1310 3894; x_wconf 87' lang='lat' dir='ltr'>retulisse</span> <span class='ocrx_word' id='word_1_237' title='bbox 1321 3841 1404 3895; x_wconf 89' lang='lat' dir='ltr'>mira·</span> 
     </span>
     <span class='ocr_line' id='line_1_32' title="bbox 276 3919 1408 3992; baseline 0.005 -18"><span class='ocrx_word' id='word_1_238' title='bbox 276 3920 346 3989; x_wconf 82' lang='lat' dir='ltr'>aula]</span> <span class='ocrx_word' id='word_1_239' title='bbox 364 3919 491 3974; x_wconf 63' lang='lat' dir='ltr'>ardebam</span> <span class='ocrx_word' id='word_1_240' title='bbox 512 3919 600 3984; x_wconf 61' lang='lat'>0612,</span> <span class='ocrx_word' id='word_1_241' title='bbox 627 3936 677 3974; x_wconf 76' lang='lat' dir='ltr'>uus</span> <span class='ocrx_word' id='word_1_242' title='bbox 702 3921 823 3976; x_wconf 79' lang='lat' dir='ltr'><strong><em>MNTV</em></strong></span> <span class='ocrx_word' id='word_1_243' title='bbox 921 3923 1079 3992; x_wconf 69' lang='lat' dir='ltr'>inoppinata</span> <span class='ocrx_word' id='word_1_244' title='bbox 1095 3925 1123 3978; x_wconf 86' lang='lat' dir='ltr'><strong><em>L</em></strong></span> <span class='ocrx_word' id='word_1_245' title='bbox 1226 3927 1257 3979; x_wconf 95' lang='lat' dir='ltr'>ll</span> <span class='ocrx_word' id='word_1_246' title='bbox 1282 3927 1361 3979; x_wconf 88' lang='lat' dir='ltr'>nixus</span> <span class='ocrx_word' id='word_1_247' title='bbox 1381 3927 1408 3981; x_wconf 80' lang='lat'><em>0</em></span> 
     </span>
     <span class='ocr_line' id='line_1_33' title="bbox 275 4005 1404 4080; baseline 0.003 -18"><span class='ocrx_word' id='word_1_248' title='bbox 275 4007 315 4062; x_wconf 86' lang='lat' dir='ltr'>L:</span> <span class='ocrx_word' id='word_1_249' title='bbox 342 4005 478 4060; x_wconf 81' lang='lat' dir='ltr'>nixiusG</span> <span class='ocrx_word' id='word_1_250' title='bbox 565 4006 598 4059; x_wconf 79' lang='lat'>12</span> <span class='ocrx_word' id='word_1_251' title='bbox 615 4006 824 4075; x_wconf 79' lang='lat' dir='ltr'>nominatimque</span> <span class='ocrx_word' id='word_1_252' title='bbox 845 4006 906 4062; x_wconf 73' lang='lat'>06:</span> <span class='ocrx_word' id='word_1_253' title='bbox 934 4024 984 4062; x_wconf 75' lang='lat' dir='ltr'>om.</span> <span class='ocrx_word' id='word_1_254' title='bbox 1001 4010 1029 4062; x_wconf 84' lang='lat' dir='ltr'><em>L</em></span> <span class='ocrx_word' id='word_1_255' title='bbox 1116 4011 1147 4064; x_wconf 86' lang='lat'>13</span> <span class='ocrx_word' id='word_1_256' title='bbox 1164 4012 1252 4080; x_wconf 82' lang='lat' dir='ltr'>notos]</span> <span class='ocrx_word' id='word_1_257' title='bbox 1271 4028 1306 4065; x_wconf 75' lang='lat' dir='ltr'>aa</span> <span class='ocrx_word' id='word_1_258' title='bbox 1323 4013 1404 4066; x_wconf 82' lang='lat' dir='ltr'>natos</span> 
     </span>
     <span class='ocr_line' id='line_1_34' title="bbox 274 4091 1402 4160; baseline 0.004 -13"><span class='ocrx_word' id='word_1_259' title='bbox 274 4109 345 4147; x_wconf 82' lang='lat' dir='ltr'>eurr.</span> <span class='ocrx_word' id='word_1_260' title='bbox 369 4091 408 4145; x_wconf 63' lang='grc' dir='ltr'>Ι)</span> <span class='ocrx_word' id='word_1_261' title='bbox 511 4091 545 4144; x_wconf 84' lang='grc'>15</span> <span class='ocrx_word' id='word_1_262' title='bbox 567 4091 678 4160; x_wconf 72' lang='lat' dir='ltr'>eoeleste</span> <span class='ocrx_word' id='word_1_263' title='bbox 700 4092 740 4147; x_wconf 64' lang='grc' dir='ltr'>Β*</span> <span class='ocrx_word' id='word_1_264' title='bbox 842 4092 876 4146; x_wconf 82' lang='grc'>16</span> <span class='ocrx_word' id='word_1_265' title='bbox 898 4092 1054 4160; x_wconf 83' lang='lat' dir='ltr'>languorem</span> <span class='ocrx_word' id='word_1_266' title='bbox 1078 4094 1129 4149; x_wconf 79' lang='lat' dir='ltr'>OG</span> <span class='ocrx_word' id='word_1_267' title='bbox 1230 4097 1264 4151; x_wconf 82' lang='lat'>21</span> <span class='ocrx_word' id='word_1_268' title='bbox 1282 4097 1402 4150; x_wconf 81' lang='lat' dir='ltr'>sufficiat</span> 
     </span>
     <span class='ocr_line' id='line_1_35' title="bbox 278 4173 1400 4236; baseline 0.003 -3"><span class='ocrx_word' id='word_1_269' title='bbox 278 4176 381 4234; x_wconf 66' lang='lat' dir='ltr'>own:</span> <span class='ocrx_word' id='word_1_270' title='bbox 408 4175 543 4230; x_wconf 83' lang='lat' dir='ltr'>suliieiunt</span> <span class='ocrx_word' id='word_1_271' title='bbox 562 4176 600 4231; x_wconf 75' lang='lat' dir='ltr'>G*</span> <span class='ocrx_word' id='word_1_272' title='bbox 691 4178 725 4231; x_wconf 78' lang='lat'>23</span> <span class='ocrx_word' id='word_1_273' title='bbox 743 4177 833 4230; x_wconf 87' lang='lat' dir='ltr'>eodem</span> <span class='ocrx_word' id='word_1_274' title='bbox 854 4177 1034 4232; x_wconf 78' lang='lat' dir='ltr'><strong><em>GGMNTV:</em></strong></span> <span class='ocrx_word' id='word_1_275' title='bbox 1061 4180 1090 4232; x_wconf 93' lang='lat' dir='ltr'>in</span> <span class='ocrx_word' id='word_1_276' title='bbox 1108 4173 1198 4234; x_wconf 84' lang='lat' dir='ltr'>eodem</span> <span class='ocrx_word' id='word_1_277' title='bbox 1218 4183 1245 4235; x_wconf 83' lang='lat' dir='ltr'><strong><em>L</em></strong></span> <span class='ocrx_word' id='word_1_278' title='bbox 1336 4197 1400 4236; x_wconf 89' lang='lat' dir='ltr'>eon·</span> 
     </span>
     <span class='ocr_line' id='line_1_36' title="bbox 274 4263 1402 4334; baseline 0.006 -18"><span class='ocrx_word' id='word_1_279' title='bbox 274 4263 418 4332; x_wconf 77' lang='lat' dir='ltr'>structum]</span> <span class='ocrx_word' id='word_1_280' title='bbox 441 4263 618 4316; x_wconf 86' lang='lat' dir='ltr'>eonstitutum</span> <span class='ocrx_word' id='word_1_281' title='bbox 642 4263 677 4317; x_wconf 91' lang='grc' dir='ltr'><em>Μ</em></span> <span class='ocrx_word' id='word_1_282' title='bbox 776 4263 812 4317; x_wconf 76' lang='grc'>24</span> <span class='ocrx_word' id='word_1_283' title='bbox 833 4263 913 4334; x_wconf 81' lang='lat' dir='ltr'>bauti]</span> <span class='ocrx_word' id='word_1_284' title='bbox 937 4264 1010 4319; x_wconf 83' lang='lat' dir='ltr'>beati</span> <span class='ocrx_word' id='word_1_285' title='bbox 1031 4265 1085 4319; x_wconf 84' lang='lat' dir='ltr'>uiri</span> <span class='ocrx_word' id='word_1_286' title='bbox 1111 4265 1187 4321; x_wconf 82' lang='lat' dir='ltr'>UGL</span> <span class='ocrx_word' id='word_1_287' title='bbox 1290 4271 1402 4323; x_wconf 59' lang='lat' dir='ltr'>munus</span> 
     </span>
    </p>
   </div>
   <div class='ocr_carea' id='block_1_7' title="bbox 272 4351 656 4434">
    <p class='ocr_par' dir='ltr' id='par_1_7' title="bbox 272 4351 656 4434">
     <span class='ocr_line' id='line_1_37' title="bbox 272 4351 656 4434; baseline 0 -14"><span class='ocrx_word' id='word_1_288' title='bbox 272 4367 308 4420; x_wconf 87' lang='grc' dir='ltr'><em>Μ</em></span> <span class='ocrx_word' id='word_1_289' title='bbox 312 4366 346 4419; x_wconf 79' lang='lat' dir='ltr'>V¹</span> <span class='ocrx_word' id='word_1_290' title='bbox 449 4351 601 4434; x_wconf 74' lang='lat' dir='ltr'>perseuerat</span> <span class='ocrx_word' id='word_1_291' title='bbox 618 4365 656 4420; x_wconf 84' lang='grc' dir='ltr'><em>Μ</em></span> 
     </span>
    </p>
   </div>
   <div class='ocr_carea' id='block_1_8' title="bbox 0 0 1532 4976">
    <p class='ocr_par' dir='ltr' id='par_1_8' title="bbox 0 0 1532 4976">
     <span class='ocr_line' id='line_1_38' title="bbox 0 0 1532 4976; baseline 0 5"><span class='ocrx_word' id='word_1_292' title='bbox 0 0 1532 4976; x_wconf 95' lang='lat' dir='ltr'> </span> 
     </span>
    </p>
   </div>
  </div>
 </body>
</html>
