3048 4964
269 421 309 484 10
745 415 909 485 Eugippii

266 607 388 671 oraculo
409 623 481 670 mox
503 604 541 670 ab
563 603 691 668 Herulis
714 603 872 670 interfecti
895 605 981 681 sunt,
996 606 1071 688 quia
1085 603 1189 670 locum
1203 603 1392 686 praemoniti

221 761 227 770 .
265 709 439 789 relinquere
462 708 639 772 noluerunt.

307 811 406 876 XXV.
430 808 697 889 Quemadmodum
720 809 843 891 scriptis
859 810 898 874 cd
913 809 1061 874 Nertoum
1078 808 1243 874 destinatis
1260 809 1392 874 castella

265 915 402 993 ieiuniis,
437 914 628 980 orationibus
662 917 756 995 atque
790 913 975 997 elemosynis
1007 913 1239 996 praemunierit,
1276 913 1390 995 quibus

265 1017 484 1099 praenuntiata
507 1017 603 1082 hostis
625 1018 759 1100 irruptio
781 1034 890 1081 nocere
913 1034 974 1082 non
995 1016 1108 1098 potuit.
1413 1038 1424 1076 e

307 1139 422 1204 XXVI.
457 1141 504 1205 De
537 1140 658 1220 leproso
692 1141 850 1217 mundato,
886 1138 939 1221 qni
967 1138 1083 1203 reuerti
1112 1139 1151 1203 ad
1183 1137 1318 1221 propria,
1350 1157 1389 1202 ne

265 1242 384 1325 lepram
406 1243 523 1324 peccati
545 1241 645 1326 magis
668 1241 847 1318 incurreret,
863 1241 1005 1307 euitauit.

306 1362 437 1427 XXVII.
473 1365 518 1428 De
552 1363 694 1441 uictoria,
731 1380 824 1445 quam
856 1362 938 1445 apud
972 1361 1102 1426 Batanis
1136 1361 1173 1425 de
1206 1361 1389 1427 Alamannis

264 1466 400 1531 oratione
422 1467 524 1531 saneti
548 1465 688 1532 Seuerini
710 1484 868 1548 sumpsere
884 1465 1024 1544 Romani,
1048 1466 1080 1529 et
1095 1465 1175 1547 quod
1191 1466 1260 1546 post
1274 1465 1388 1529 trium·

262 1568 369 1649 phum‚
394 1568 446 1651 qui
468 1567 701 1652 praedicentem
723 1569 809 1650 sequi
830 1572 1020 1649 spreuerant,
1043 1567 1107 1631 sint
1128 1569 1292 1649 perempti.
1398 1591 1425 1630 ro

305 1687 453 1752 XXVIII.
477 1690 744 1768 Quemadmodum
768 1689 965 1754 ministrante
988 1689 1106 1756 famulo
1129 1685 1179 1751 dei
1201 1689 1387 1770 pauperibus

263 1791 364 1854 oleum
388 1790 523 1855 creuisse
546 1791 718 1874 contigerit.

305 1909 470 1975 XXVIIII.
510 1911 556 1975 De
590 1911 646 1996 his,
686 1913 795 1995 quihus
830 1912 910 1976 collo
943 1915 1045 1975 uestes
1079 1909 1182 1993 egenis
1215 1910 1387 1994 erogandas

171 2093 173 2101 y
263 2015 377 2079 Norico
411 2015 620 2080 deferentibus
654 2034 741 2080 ursus
775 2015 876 2080 medio
909 2015 1010 2079 hieme
1040 2015 1188 2079 ducatum
1215 2032 1269 2096 per
1298 2015 1387 2078 niues

263 2116 380 2181 heremi
410 2120 568 2200 usquead
592 2119 727 2183 humana
755 2119 932 2183 habitacula
953 2118 1106 2200 praebuit,
1130 2134 1206 2199 quos
1229 2117 1287 2182 tali
1310 2119 1424 2184 ducere

262 2222 369 2284 uenire
392 2221 485 2286 solita
507 2222 555 2285 uir
578 2222 627 2286 dei
649 2222 840 2287 reuelatione
867 2221 1021 2302 cognouit.
1067 2297 1071 2302 ᾖ

304 2339 404 2405 XXX.
428 2340 571 2421 Qualiter
594 2343 633 2406 ad
657 2341 817 2406 ciuitatem
841 2341 1025 2405 Lauriacum
1047 2339 1152 2405 hostes
1175 2339 1281 2404 futura
1296 2341 1387 2406 nocte

262 2447 408 2508 uenturos
429 2445 636 2526 praesenserit
658 2445 689 2508 et
712 2445 793 2508 male
816 2445 930 2508 securis
952 2444 1072 2510 ciuibus
1094 2442 1228 2526 uigilare
1243 2443 1297 2507 uix
1312 2461 1386 2508 sua-

261 2547 346 2623 serit,
369 2546 450 2630 qnod
474 2564 564 2610 mane
587 2545 755 2628 probantes
778 2546 958 2611 infidelitati
979 2533 1104 2611 ueniam
1124 2564 1195 2610 cum
1211 2547 1385 2630 gratiarum

261 2650 381 2713 actione
407 2650 584 2732 poscebant.
1396 2689 1423 2728 20

303 2747 418 2818 XXXI.
442 2752 599 2831 Quomodo
622 2752 734 2835 Fabae,
766 2753 831 2836 regi
854 2753 1021 2835 hogerum,
1048 2752 1087 2816 ad
1110 2751 1294 2816 Lauriacum
1316 2770 1388 2816 oum

261 2856 396 2920 exercitu
425 2856 564 2922 uenienti
594 2858 762 2921 occurrerit
784 2855 867 2921 etin
891 2874 946 2921 sua
972 2855 1031 2921 fide
1054 2855 1184 2938 populos
1206 2855 1386 2938 susceperit,

262 2962 298 3024 ut
327 2977 377 3024 eos
406 2959 445 3023 ad
467 2959 613 3024 inferiora
635 2959 754 3041 oppida,
783 2959 882 3023 idest
904 2959 1003 3040 Rugis
1025 2959 1187 3037 niciniora‚
1211 2957 1384 3024 deduceret.

314 3183 326 3235 1
346 3181 508 3249 praemuniti
527 3182 585 3236 NT
668 3182 684 3235 3
703 3181 812 3248 scriptis
830 3181 897 3236 NT:
916 3197 965 3235 om.
983 3180 1076 3244 oure
1094 3181 1194 3235 litteris
1207 3178 1319 3248 Sauppe

260 3267 402 3321 destinatis
419 3266 453 3320 ad
471 3268 591 3321 noricum
610 3268 637 3321 L
738 3267 756 3319 4
773 3267 938 3321 orationibus
958 3267 984 3320 T
999 3267 1047 3332 (cf.
1062 3285 1092 3333 p.
1110 3269 1152 3331 13,
1168 3269 1198 3331 6‚·
1215 3268 1256 3329 14,
1276 3270 1308 3319 11
1319 3265 1386 3332 al.):

260 3369 311 3406 om.
327 3353 434 3409 OGLN
528 3354 678 3410 elemosinis
695 3353 802 3410 OLNT
829 3353 1006 3422 helemosynis
1020 3353 1047 3409 G
1139 3352 1321 3421 praemuniuit
1337 3351 1388 3407 OG

260 3439 445 3507 praemunient
463 3439 497 3493 N
578 3440 730 3507 5inruptio
749 3439 775 3492 T
781 3456 827 3507 pr.
916 3439 1097 3507 VlepramT
1181 3438 1280 3506 peccati
1296 3437 1386 3493 OGL:

260 3541 308 3580 om.
328 3525 387 3580 NT
478 3525 577 3578 uitauit
599 3525 676 3580 ccl.
773 3524 914 3579 8batahio
932 3524 991 3579 NT
1015 3525 1140 3592 baptauis
1158 3524 1185 3578 L
1281 3524 1387 3577 Vsum-

175 3651 176 3658 .
260 3627 316 3665 sere
335 3611 361 3664 T
462 3610 658 3679 triumphuni}
763 3611 795 3664 10
813 3611 1017 3678 praedicentem]
1036 3610 1162 3679 poedentd
1182 3610 1217 3665 N
1315 3626 1388 3678 spre-

260 3697 400 3751 uerantT
424 3698 566 3764 speuerant
585 3695 612 3749 G
714 3698 777 3749 sunt
799 3696 851 3750 GL
955 3697 988 3749 12
1004 3696 1101 3764 oleum]
1120 3696 1178 3748 elau
1195 3695 1230 3750 N
1326 3711 1387 3749 eon-

260 3787 356 3854 tigerit
373 3785 442 3839 NT:
469 3785 621 3852 prouenerit
641 3782 719 3838 OGL
813 3784 844 3836 13
863 3783 906 3836 his
926 3781 1019 3837 LNT:
1045 3783 1079 3835 iis
1101 3782 1153 3838 OG
1244 3781 1277 3834 14
1294 3781 1387 3836 nurico

260 3874 318 3928 NT
345 3889 361 3926 a
379 3872 467 3924 norico
490 3871 566 3926 GGL
651 3871 746 3939 hyeme
764 3871 791 3924 L
883 3871 916 3925 15
933 3871 1050 3924 humana
1068 3869 1234 3936 habitacula]
1255 3867 1387 3922 cunabula

261 3960 294 4015 N
414 3958 445 4014 16
473 3957 634 4010 reuelatione
666 3957 755 4012 OGL:
792 3957 921 4010 relatione
951 3955 1010 4010 NT
1127 3955 1160 4008 l'l
1187 3955 1334 4008 lauriacum
1366 3955 1390 4009 0

259 4043 373 4098 lauriam
404 4043 430 4097 G
551 4043 583 4096 18
613 4045 724 4096 uenturo
752 4043 786 4097 N
903 4041 986 4096 securi
1013 4042 1046 4096 N
1165 4040 1196 4094 19
1226 4040 1387 4094 infidelitate

261 4131 283 4186 0
295 4146 342 4198 pr.
449 4129 481 4181 21
506 4129 563 4182 febe
586 4129 619 4182 N
644 4129 704 4196 teuc
731 4128 809 4183 ouh
912 4128 978 4197 regi]
1004 4143 1054 4180 om.
1080 4126 1107 4181 G
1209 4126 1339 4179 laurinum
1366 4125 1389 4180 0

260 4235 374 4288 lauriam
405 4235 431 4289 G
533 4233 567 4287 22
594 4236 743 4286 occurrerat
770 4232 808 4286 L¹
838 4234 918 4298 (corr.
936 4249 970 4285 m.
989 4232 1020 4298 2)
1124 4231 1158 4286 23
1185 4229 1265 4298 opida
1291 4229 1318 4283 1.

260 4319 450 4404 sicioniorum
469 4319 520 4373 del.
538 4335 573 4372 m.
591 4323 617 4382 1)
636 4319 662 4372 L
766 4317 850 4371 deduc
871 4317 894 4372 O
