3008 4978
233 433 258 478 X

237 600 456 668 Lateranensis
486 603 518 664 et
547 617 696 664 consensu
720 597 863 664 codicum
885 598 1099 664 Casinensium
1125 597 1265 684 probaui.
1302 596 1357 662 sod

236 725 275 770 ne
305 705 397 769 illum
424 703 548 785 quidem
571 702 707 767 codicem
729 702 890 785 parentem
912 701 1129 771 Lateranensis
1152 703 1184 766 et
1204 702 1359 766 librorum

237 807 461 890 Castrensium,
484 808 572 872 cuius
588 806 754 886 scripturas
771 824 807 869 ex
822 823 973 870 consensu
988 806 1127 872 codicum
1144 805 1358 872 deriuatorum

236 912 367 977 fortasse
400 929 507 974 eruere
538 908 704 990 possimus,
739 910 849 974 ducem
881 909 915 973 in
950 913 1133 975 recensendo
1167 910 1256 976 textu
1290 925 1364 973 esse

237 1034 333 1098 posse,
357 1031 428 1078 oum
451 1018 482 1078 et
503 1014 569 1094 ipse
584 1013 648 1078 iam
662 1013 805 1078 mutandi
821 1011 1075 1095 coniectandique
1092 1012 1222 1079 licentia
1235 1010 1360 1077 librarii

237 1118 423 1198 deprauatus
446 1123 536 1196 esset,
559 1115 580 1181 1.
603 1136 629 1182 1.
648 1135 682 1197 p.
705 1115 770 1182 484
784 1134 852 1198 sqq.
875 1115 1020 1198 probasse
1043 1117 1120 1180 mihi
1142 1115 1256 1181 uideor.
1285 1113 1360 1196 qui·-

237 1220 296 1286 bus
325 1219 497 1285 rationibus
520 1219 671 1284 adductus
695 1238 774 1300 sum,
805 1223 841 1283 ut
863 1221 895 1283 in
917 1219 1111 1285 recensendis
1133 1217 1237 1284 uerbis
1261 1215 1356 1281 Vitae

237 1323 491 1406 antiquissimum
507 1324 539 1386 et
551 1322 704 1404 optImum
720 1322 838 1388 librum
849 1321 979 1388 alterius
991 1323 1108 1406 stirpis,
1123 1323 1359 1397 Taurinensem,

236 1426 324 1510 sequi
347 1428 575 1494 constituerem.

282 1579 342 1644 Sed
365 1601 402 1645 ne
426 1580 540 1646 codicis
562 1580 687 1662 quidem
710 1580 910 1646 Taurinensis
933 1580 1100 1646 auctoritas
1124 1583 1212 1645 tanta
1235 1577 1291 1655 est,
1320 1579 1360 1639 ut

238 1683 389 1766 neglectis
413 1677 527 1765 ubique
550 1682 678 1747 alterius
702 1683 839 1749 familiae
861 1683 952 1749 libris
974 1685 1006 1749 in
1026 1683 1227 1748 restituendis
1251 1679 1357 1744 uerbis

236 1787 380 1869 Eugippii
402 1785 436 1849 in
458 1804 492 1850 eo
516 1787 707 1867 acquiescere
729 1786 889 1868 possimus.
919 1787 966 1850 ita
987 1785 1106 1850 factum
1129 1789 1184 1860 ost,
1207 1786 1244 1849 ut
1260 1784 1355 1848 etiam

237 1891 271 1954 in
286 1888 366 1954 hanc
383 1888 563 1970 editionem,
580 1906 766 1971 quamquam
782 1890 1004 1954 Taurinensem
1020 1889 1215 1971 potissimum
1232 1887 1357 1951 secutus

237 2012 317 2072 sum,
341 2011 438 2074 pauca
461 2011 496 2055 ex
519 1991 675 2057 codicibus
698 1991 825 2056 alterius
848 1990 954 2072 stirpis
978 1994 1153 2073 reciperem,
1188 1991 1277 2056 uelut
1298 2009 1356 2072 pro

237 2095 347 2161 sitouti
369 2116 400 2179 p.
425 2095 455 2173 2,
481 2095 519 2158 13
543 2093 653 2176 scripsi
674 2093 804 2175 sitoutii,
834 2112 865 2175 p.
888 2093 918 2175 4,
942 2093 983 2157 22
1006 2112 1059 2176 pro
1082 2094 1186 2158 souior
1208 2112 1278 2158 cum
1302 2091 1356 2160 OG

235 2200 327 2277 sorio,
344 2219 415 2264 cum
430 2199 456 2261 L
471 2197 583 2263 habeat
598 2196 768 2274 senoricus,
785 2215 813 2278 p.
825 2198 876 2280 30,
889 2198 909 2261 3
925 2218 960 2261 err
973 2196 1051 2261 CGL
1070 2201 1166 2263 uerba
1177 2201 1269 2278 atquo
1284 2214 1355 2260 cou-

237 2306 370 2384 temptor
383 2301 497 2381 recepi,
521 2319 710 2383 quamquam
732 2300 764 2364 in
787 2300 909 2365 MNTV
934 2303 1053 2381 desunt,
1085 2320 1155 2366 cum
1179 2303 1210 2364 et
1232 2300 1358 2382 propter

212 2403 504 2470 ,homoeoteleuton
541 2402 633 2466 facile
657 2402 795 2467 excidere
816 2402 973 2484 potuerint
1002 2403 1033 2467 et
1055 2405 1086 2468 in
1112 2403 1248 2485 capitulo
1270 2424 1301 2486 p.
1326 2403 1355 2480 8,

239 2511 280 2574 15
302 2509 466 2592 legantur,
492 2527 522 2590 p.
546 2507 596 2584 32,
621 2509 640 2571 2
663 2505 748 2586 quid,
773 2507 886 2586 iuquit,
910 2526 963 2588 pro
986 2507 1062 2588 quid
1084 2507 1174 2584 edidi,
1200 2525 1271 2570 cum
1293 2504 1358 2569 fore

237 2631 391 2694 nusquam
417 2611 450 2674 in
476 2611 549 2676 Vita
572 2612 701 2676 uerbum
725 2611 845 2675 dicendi
874 2611 1046 2686 omittatur,
1081 2611 1118 2675 de
1140 2629 1199 2692 quo
1221 2609 1262 2674 cf.
1286 2609 1357 2673 Iud.

237 2735 262 2780 s.
286 2735 317 2779 u.
352 2715 479 2797 ellipsis.
514 2735 543 2796 p.
567 2716 618 2795 35,
646 2718 660 2779 1
697 2715 875 2779 dubitanter
909 2732 980 2778 cum
1007 2712 1085 2780 GGL
1117 2711 1301 2778 subdiaconi
1329 2713 1358 2774 ot

237 2818 374 2882 mutorui
389 2835 443 2901 pro
458 2818 587 2881 diuooui
600 2821 630 2881 ot
644 2818 789 2894 martirii,
812 2818 892 2899 quod
907 2817 1031 2882 MNTV
1049 2817 1208 2899 praebent,
1232 2814 1359 2897 scripsi3

237 2922 345 2986 eodem
378 2925 468 2988 modo
490 2941 519 3004 p.
543 2922 594 3003 48,
617 2922 734 2985 411111
761 2938 815 3002 pro
845 2921 937 2999 istoru,
971 2922 1023 3004 48,
1049 2923 1089 2985 10
1111 2918 1273 3000 compulsu
1299 2935 1356 2998 pro

236 3025 422 3108 compulsus,
447 3026 498 3104 60,
520 3026 541 3090 t
563 3023 704 3106 stropulos
727 3043 781 3106 pro
803 3024 1010 3107 stupratorem,
1035 3024 1085 3104 65,
1109 3024 1128 3087 3
1152 3025 1180 3086 ot
1201 3038 1306 3084 orasse
1328 3022 1360 3082 ot

236 3148 290 3210 pro
320 3133 348 3193 ot
376 3131 493 3193 orasset
527 3127 620 3191 edidi.
659 3131 779 3208 praeter
812 3126 866 3191 hos
901 3130 980 3192 locos
1015 3145 1185 3207 numquam
1219 3141 1237 3188 a
1268 3126 1356 3188 textu

238 3231 437 3297 Tamicensis
460 3231 571 3296 codicis
592 3230 796 3295 recedendum
820 3233 896 3305 eret,
922 3248 992 3293 cum
1008 3227 1161 3310 Sauppius
1177 3229 1357 3310 saepissime

238 3335 350 3400 codicis
387 3335 601 3400 Lateranensis
643 3333 802 3415 scripturis
844 3333 993 3416 neglectis
1036 3332 1183 3396 lectiones
1226 3330 1356 3394 alterius

238 3436 375 3500 familiae
396 3437 530 3518 recipere
553 3439 689 3517 cogatur,
714 3435 750 3500 de
774 3454 832 3516 quo
855 3435 894 3500 cf.
917 3434 938 3498 1.
963 3453 988 3499 1.
1011 3454 1062 3517 pp.
1086 3431 1148 3498 477
1165 3451 1230 3515 sqq.

281 3606 349 3671 Vno
385 3610 489 3670 autem
526 3608 591 3670 loco
626 3607 712 3672 doleo
748 3607 934 3688 scripturam
968 3608 1107 3672 codicum
1143 3604 1221 3671 OGL
1255 3624 1273 3669 a
1306 3623 1362 3669 mo

239 3712 422 3774 auctoritate
465 3710 578 3774 codicis
615 3710 815 3776 Taurinensis
859 3711 925 3775 sine
967 3711 1051 3775 iusta
1086 3729 1177 3774 causa
1214 3710 1357 3793 neglecta

237 3817 392 3894 receptam
423 3831 503 3877 esse:
537 3835 566 3896 p.
592 3814 642 3889 31,
665 3815 687 3878 4
710 3814 791 3878 enim
821 3833 892 3879 cum
915 3813 995 3878 GGL
1027 3815 1185 3879 concussis
1208 3834 1245 3878 11
1272 3831 1357 3877 moro

238 3915 399 3996 lapidibus
428 3919 545 4000 scripsi,
577 3935 647 3982 cum
676 3918 754 3982 mihi
781 3917 874 3983 lectio
903 3918 1045 3983 codicum
1068 3918 1196 3983 alterius
1219 3915 1360 3982 familiae·

236 4019 373 4084 occussis
394 4039 432 4084 111
454 4039 536 4086 ruore
560 4019 719 4103 tepiditas
749 4021 883 4104 genuina
912 4040 973 4086 non
1003 4040 1069 4086 esso
1095 4022 1263 4088 uideretur.
1301 4020 1359 4084 sod.

236 4123 363 4207 plagula
393 4123 456 4188 iam
486 4125 568 4207 typis
597 4124 740 4191 absoluta
762 4125 897 4190 occurrit
919 4124 1097 4190 simillimus
1121 4123 1226 4189 Ouidii
1256 4124 1353 4201 locus,

234 4226 312 4290 Met.
336 4226 416 4292 VIII
437 4227 516 4293 339:
538 4230 573 4292 ut
595 4227 732 4292 occussis
748 4226 818 4291 elisi
833 4227 966 4292 autibus
987 4227 1083 4310 iquos.
1114 4246 1207 4310 quare
1229 4244 1358 4309 reponas

236 4348 305 4396 cum
329 4329 432 4395 codice
456 4331 481 4397 T
502 4330 640 4396 occussis
661 4347 715 4412 pro
739 4330 906 4410 oououssis,
930 4333 1009 4413 quod
1025 4331 1131 4396 eodem
1146 4329 1236 4395 modo
1252 4334 1357 4394 ortum
