3008 4978
1222 475 1263 520 111

132 636 283 722 (-4”),
316 637 400 703 hunc
423 636 752 704 Commemoratorium
781 637 881 721 ipsum
913 639 1049 724 excipiat
1072 640 1141 726 (iol.
1163 642 1262 706 dr·-

135 725 237 820 23'¹’),
261 742 348 804 cuius
370 744 529 822 postrema
550 741 654 823 uerba,
677 758 756 822 quae
777 759 839 806 non
862 744 901 808 ad
924 740 1263 824 Commemoratorium,

135 843 195 905 sed
226 843 266 908 ad
288 842 462 925 Epistulam
483 843 628 927 Eugippii
656 844 813 926 spectant:
847 843 963 924 Habes,
997 848 1114 931 cprcpic
1143 847 1263 915 Christi

134 945 298 1029 minister,
318 964 394 1028 sqq..
418 947 452 1011 in
474 945 674 1012 lateranensi
696 946 831 1030 genuino
854 947 992 1029 partium
1014 951 1119 1016 ordine
1140 953 1263 1032 pertur-

9 1109 10 1119 ,
134 1046 215 1112 bato
248 1048 483 1115 interciderunt
521 1047 852 1114 Commemoratorium
882 1051 1024 1132 Epistola
1052 1052 1193 1118 Pascasii
1225 1052 1264 1117 ad

9 1214 10 1225 ,
135 1150 333 1234 Eugippium
363 1152 513 1234 rescripta
543 1151 682 1233 sequitur
705 1152 773 1234 (fol.
796 1152 1023 1238 23'l-24'7,
1057 1173 1136 1238 quae
1162 1156 1264 1221 totum

136 1273 216 1336 opus
240 1255 406 1321 concludit.
438 1257 531 1320 codex
553 1255 650 1320 nitide
673 1257 816 1320 exaratus
838 1273 907 1321 raro
930 1258 1121 1323 correcturas
1142 1258 1264 1323 librarii

136 1357 239 1438 ipsius
261 1360 313 1424 uel
336 1357 457 1422 scribae
479 1357 610 1423 alicuius
633 1359 771 1442 aequalis
794 1361 937 1440 expertus
954 1363 1012 1426 est.
1040 1360 1264 1426 Taurinensom

134 1459 258 1542 primus
280 1459 443 1541 indagauit
465 1463 558 1542 atque
581 1460 748 1544 descripsit
762 1460 800 1526 A.
817 1462 1038 1528 Reifferscheid
1060 1463 1093 1529 in
1115 1463 1263 1528 Biblio-

136 1563 256 1628 theca
283 1565 436 1646 patrum
463 1563 611 1630 Italica
632 1564 666 1628 II
687 1584 718 1647 p.
744 1565 804 1630 137
820 1583 876 1648 sq,
911 1565 1033 1648 Sauppe
1066 1568 1169 1633 autem
1202 1583 1263 1630 non

135 1665 293 1733 adhibuit.
332 1667 451 1732 contuli
472 1669 537 1750 ipsc
561 1666 601 1732 ad
622 1668 781 1750 exemplar
802 1668 1010 1750 Mignianum
1034 1689 1106 1735 oum
1128 1689 1156 1735 a.
1181 1669 1261 1733 1877

135 1769 248 1832 horum
285 1770 460 1834 studiorum
493 1788 587 1834 causa
609 1770 738 1834 Taurini
768 1790 920 1848 morarer;
955 1772 1121 1838 nonnullos
1148 1773 1262 1838 codicis

135 1870 222 1936 locos
244 1872 352 1952 postea
372 1873 522 1956 Iosephus
546 1874 660 1939 Mulier
674 1875 874 1940 Tausinensis
897 1895 915 1942 a
938 1896 988 1940 me
1010 1878 1137 1960 rogatus
1158 1878 1262 1957 inspe-

133 1974 184 2038 xit
205 1992 369 2056 meamque
392 1977 557 2042 lectionem
579 1980 634 2042 aut
658 1978 872 2060 comprobauit
899 1983 953 2044 aut
976 1979 1116 2044 correxit.

180 2177 283 2244 Codex
305 2178 524 2244 Vaticanus
546 2181 631 2245 5772
647 2180 703 2264 (V)
719 2183 753 2245 in
770 2181 844 2244 folio
859 2182 986 2262 minore,
1002 2180 1059 2261 XI,
1076 2183 1111 2243 nt
1127 2181 1260 2255 uidetur,
1286 2177 1313 2240 V

9 2280 11 2311 '
135 2283 257 2348 saeculi
288 2283 433 2362 ineuntis,
464 2282 545 2347 binis
569 2284 720 2348 columnis
743 2285 897 2350 exaratus.
933 2284 986 2348 hic
1008 2302 1136 2366 quoque,
1160 2284 1261 2367 prius-

135 2403 233 2467 quam
255 2385 288 2448 in
311 2384 533 2450 bibliothecam
548 2386 743 2467 Vaticanum,
768 2387 821 2454 ubi
844 2407 925 2452 nunc
948 2389 1134 2465 secernatur,
1158 2389 1261 2453 trans-

136 2491 222 2554 latus
256 2490 313 2565 est,
346 2488 384 2551 ad
419 2487 639 2556 bibliothecam
672 2491 851 2555 monasterii
880 2489 1042 2556 Bobionsis
1077 2490 1261 2573 pertinebat,

136 2593 220 2675 quod
241 2590 447 2673 inscriptione
470 2591 501 2655 in
525 2595 662 2675 margine
685 2594 841 2675 superiore
865 2593 932 2658 folii
950 2593 1043 2675 primi
1058 2594 1159 2673 posita
1180 2593 1259 2658 indi-

136 2715 250 2777 catur:
284 2710 378 2776 leber
404 2692 451 2778 ἴοι
472 2712 576 2798 [123]
599 2711 777 2778 columbani
798 2713 836 2778 dc
863 2713 957 2778 bobio.
994 2714 1166 2778 Vaticanus
1193 2715 1262 2778 tan·

134 2815 300 2881 tummodc
322 2815 497 2897 Epistulam
514 2815 662 2898 Eugippii
686 2820 717 2880 et
733 2816 1063 2882 Commemoratcrium
1087 2835 1105 2880 a
1127 2815 1180 2880 fol.
1197 2816 1261 2881 29⁰¹

134 2917 178 2982 ad
199 2918 270 2982 41v·
293 2917 433 3002 exhibet3
457 2919 608 2994 consulto,
632 2920 669 2983 ut
683 2918 816 2997 uidetur,
842 2919 999 2985 alibraric
1015 2918 1107 2984 index
1123 2920 1260 3001 capitum

8 3111 9 3116 Ἰ
132 3021 170 3086 et
190 3021 332 3104 Epistola
353 3021 492 3087 Pascasii
521 3022 637 3088 omissa
665 3026 748 3100 sunt,
780 3042 852 3088 cum
879 3041 914 3086 ea
936 3024 975 3088 ad
998 3041 1065 3087 rem
1089 3023 1262 3088 necessaria

134 3141 204 3188 esse
233 3142 296 3188 non
326 3125 516 3190 uiderentur.
556 3127 587 3191 in
617 3127 721 3192 codice
745 3145 817 3191 cum
840 3144 915 3192 cura
937 3127 1061 3191 exarato
1083 3126 1259 3192 litterarum

134 3228 308 3292 initialium
331 3227 434 3308 spatia
456 3246 555 3295 uacua
576 3229 685 3294 relicta
707 3233 789 3304 sunt,
812 3247 925 3310 nempe
947 3233 983 3293 nt
1005 3232 1111 3311 postca
1126 3247 1146 3294 a
1160 3229 1260 3293 rubri·

135 3333 241 3393 catere
274 3329 372 3396 minio
407 3330 626 3414 pingerentur;
665 3333 833 3398 nonnullae
870 3333 976 3396 antem
1012 3333 1144 3411 litterae,
1182 3351 1259 3414 quae

135 3435 260 3515 propter
283 3434 428 3499 uitiosam
451 3434 650 3500 membranae
668 3438 811 3500 naturam
827 3435 860 3499 in
876 3435 1034 3502 scribendo
1051 3435 1258 3514 diffluxerant,

136 3555 156 3601 a
177 3537 306 3603 librario
328 3540 394 3621 ipso
416 3557 507 3620 supra
530 3557 655 3604 uersum
678 3538 803 3604 additae
831 3541 912 3606 sunt.
948 3538 1119 3605 Vaticanus
1149 3557 1257 3620 qnam-

134 3657 229 3722 quam
263 3659 323 3704 non
358 3658 464 3705 omnes
498 3659 574 3723 quas
609 3641 808 3707 Taurincnsis
842 3640 933 3706 Vitae
968 3644 1071 3722 pentes
1108 3643 1255 3720 continet,

136 3750 242 3808 tamen
273 3761 309 3807 er
340 3744 523 3808 Taurinensi
546 3743 719 3825 descriptus
743 3748 801 3827 est,
824 3745 905 3827 qnod
929 3763 966 3810 ex
988 3746 1147 3811 concordia
1170 3764 1255 3809 men-

9 3881 10 3902 .
136 3849 247 3910 dorum
270 3846 513 3929 lacunarumquc
537 3847 698 3930 utriusque
720 3848 793 3912 libri
816 3849 846 3911 in
866 3848 972 3912 libello
988 3866 1013 3912 s.
1029 3849 1052 3912 l.
1068 3866 1098 3929 p.
1114 3848 1177 3913 454
1189 3867 1255 3930 sqq.

134 3952 363 4014 demonstrasse
400 3951 478 4014 mihi
515 3951 629 4015 uideor.
674 3950 792 4016 librum
829 3970 855 4016 a.
894 3951 974 4016 1878
1013 3949 1052 4015 ad
1089 3951 1254 4015 editionem

133 4051 330 4134 Mignianam
346 4053 477 4135 contuli3
497 4055 695 4136 posteaquam
713 4053 839 4136 Scuppii
854 4053 948 4118 editio
963 4056 995 4118 in
1011 4055 1111 4118 lucem
1127 4055 1253 4135 prodiit,

134 4173 184 4219 eos
201 4155 314 4220 codicis
329 4157 419 4236 locos,
443 4156 495 4222 ubi
517 4157 610 4223 lectio
625 4177 694 4223 mea
709 4177 728 4222 a
743 4157 869 4241 Sauppii
884 4157 1071 4224 testimoniis
1086 4157 1253 4234 differebat,

133 4258 248 4322 iterum
271 4260 502 4324 accuratissime
524 4261 651 4342 inspexi.

1118 4480 1154 4534 a*
