3054 4976
507 291 544 346 In
564 289 810 358 VorbcroItung
828 290 1015 360 begriffan:
1125 341 1127 350 ,

150 411 435 468 taruanninsae.
453 413 483 469 C.
502 413 707 472 SCHIINKI..

150 483 307 538 ARATOR.
327 483 375 534 Md.
393 481 428 536 H.
447 482 650 540 SCHENKL.

152 551 339 606 AVGVSTIN
344 551 393 604 VS.
411 553 628 606 Retraotationos
646 555 673 603 et
692 549 887 604 Confessiones.
905 551 955 604 ud.
973 549 1003 605 P.
1022 551 1079 604 ΚΝ
1086 551 1199 606 OELL.

258 620 361 672 Contra
379 621 550 680 academicos,
574 622 612 674 Do
631 621 709 672 beata
727 621 794 685 uita,
818 621 857 672 De
875 620 976 686 ordine,
1000 621 1039 674 De
1058 623 1168 686 musica,
1189 621 1229 674 De
1247 621 1390 701 magistro,

225 691 265 742 De
282 689 367 742 libero
388 691 508 754 arbitrio,
534 690 573 742 ΒΘ
592 689 712 742 moribus
729 691 820 743 eccles.
837 691 865 742 at
883 689 915 742 de
932 707 999 742 mor.
1017 691 1098 755 Man,
1122 691 1161 743 De
1179 705 1243 743 uera
1260 689 1390 756 relrgrone

222 761 460 880 ffirsrasesselnstaut
478 761 577 813 inuol.
596 757 711 812 XXXII.
743 774 768 825 p.
788 761 978 811 1385-1474
1002 759 1087 827 Mign.
1115 759 1164 812 nd.
1188 758 1211 813 Ι.
1239 757 1276 810 Μ.
1304 757 1391 812 STO-

257 895 420 963 Soliloquia,
441 897 479 949 Da
498 896 706 949 immortaIItate
725 895 843 960 animae,
864 895 903 948 De
922 897 1076 964 quantitate
1099 897 1216 960 enlmae,
1242 895 1282 950 De
1299 896 1390 964 genesi

224 969 319 1018 contra
337 965 515 1020 Manichaoos
534 964 583 1016 Ed.
602 965 635 1019 A.
654 963 835 1018 HOLDER.

258 1034 406 1101 Epistulae.
426 1034 475 1086 ud.
493 1036 526 1086 A.
545 1033 838 1088 GOLDBACHER.

256 1103 296 1156 ΒΘ
314 1103 436 1156 doctrina
454 1103 621 1167 Christiana,
650 1102 689 1155 De
708 1103 847 1166 trinitate,
876 1101 1048 1155 Euchiridion
1073 1102 1105 1156 de
1122 1103 1187 1169 fide,
1215 1105 1254 1159 Do
1273 1104 1389 1160 catechi-

222 1171 314 1224 zandis
332 1171 454 1228 rudibus.
473 1171 522 1224 ud.
541 1171 601 1225 Nic.
621 1171 831 1224 uvantum.

255 1241 444 1294 Enarrationas
464 1242 493 1293 in
511 1242 635 1308 psalmos.
655 1240 704 1296 Ed.
723 1241 759 1295 M.
779 1239 1029 1295 GITLBAVIIR.

225 1311 436 1434 nglelcgnffincsu
450 1311 686 1378 euangelistarum,
705 1310 745 1364 De
764 1325 883 1362 sermone
901 1309 1004 1362 domini
1022 1309 1050 1362 in
1069 1313 1160 1363 monte
1178 1310 1389 1368 neritonum

255 1448 295 1500 ΒΘ
314 1449 364 1502 fide
383 1452 411 1501 et
429 1449 556 1518 symbolo,
576 1448 615 1501 De
632 1447 684 1500 fide
702 1450 730 1500 et
748 1447 880 1514 oporibus,
905 1447 946 1499 De
963 1462 1049 1514 egone
1068 1447 1222 1513 christiano,
1246 1449 1285 1502 Da
1303 1450 1388 1502 conti·

222 1517 315 1570 nentia
332 1521 360 1570 et
378 1534 445 1586 qnae
463 1521 571 1570 exstant
589 1518 617 1570 in
636 1517 728 1570 eodem
748 1516 884 1570 uolumine
901 1515 988 1583 Mign.
1007 1516 1040 1572 X.
1058 1515 1088 1569 L.
1107 1533 1134 1584 p.
1153 1521 1203 1569 349
1216 1523 1320 1583 -626,
1349 1520 1387 1572 ΒΘ

224 1587 326 1652 nuptiis
345 1589 372 1639 ot
390 1587 612 1654 concupiscentia.
632 1585 681 1638 Ed.
695 1585 721 1638 J.
740 1583 887 1638 notun.

255 1655 296 1708 ΒΘ
314 1657 437 1708 utilitate
458 1655 595 1719 credendi,
620 1655 659 1707 ΒΘ
678 1653 782 1707 dnobus
801 1653 956 1719 animabus,
982 1654 1083 1707 Contra
1102 1654 1280 1708 Fortunatam
1298 1657 1386 1710 mani-

221 1723 338 1788 chaeum,
359 1723 459 1778 Contra
472 1725 657 1788 Adimantum,
678 1724 777 1776 Contra
795 1722 940 1788 epistolam
961 1722 1122 1787 Manichaei,
1139 1722 1239 1778 Contra
1251 1724 1384 1778 Faustum

221 1791 422 1858 Maniclraeum‚
449 1793 491 1846 De
515 1793 583 1846 actis
606 1809 667 1845 cum
690 1792 780 1845 Felice
805 1791 978 1858 ManIchaeo,
1006 1792 1046 1844 De
1072 1795 1171 1845 natura
1198 1793 1263 1846 boni
1291 1797 1385 1847 contra

221 1858 400 1926 Manichaeos,
421 1862 567 1916 Secundini
585 1862 737 1915 Manichaei
756 1861 870 1928 epistola
888 1861 922 1913 ad
941 1863 1065 1929 August,
1085 1861 1187 1914 Contra
1205 1861 1385 1916 Secundinum

224 1929 424 1992 Manichaenm,
451 1932 490 1984 ΒΘ
513 1931 565 1983 fida
588 1935 681 1983 contra
700 1931 885 1992 Maniclraeos,
911 1930 1152 1983 Commonitorium
1177 1929 1208 1982 de
1226 1931 1386 1999 recipiendis

221 1999 393 2052 Manichaeis.
413 2000 483 2062 (Vol.
502 1999 581 2052 XLII
604 2001 637 2050 M.
656 2015 681 2066 p.
700 2001 848 2062 42-602.).
868 1997 916 2050 Md.
936 1999 989 2052 loa.
1008 1999 1120 2053 ZYCH
1132 2001 1162 2052 A.

254 2067 402 2120 Sermones.
421 2069 469 2120 Ed.
488 2069 518 2121 Ε.
536 2068 714 2121 annbie.
1098 2077 1101 2082 “

150 2135 312 2190 ALCIMVS
331 2137 471 2190 AVITVS.
490 2136 539 2189 Ed.
558 2140 621 2192 Ant.
640 2135 760 2191 KVNZ.

150 2201 339 2260 BOETHIVS.
358 2207 405 2262 lid.
425 2207 457 2258 G.
478 2206 659 2260 SCHEPSS
679 2211 706 2258 ot
725 2205 772 2259 Th.
792 2204 967 2258 STANGL.

150 2273 415 2330 CASSIODORIVS.
434 2275 482 2328 Ed.
503 2274 725 2328 srmi'runu
744 2277 772 2328 at
790 2273 961 2329 STANGL.

149 2341 356 2397 CYPRIANVS
376 2345 483 2398 (Gallio.
501 2348 600 2411 poeta),
625 2343 737 2397 Carmen
758 2345 789 2395 de
808 2343 987 2409 heptateucho
1010 2346 1071 2406 etc,
1096 2342 1323 2398 DRACONTIVS
1349 2344 1380 2398 de

220 2412 268 2465 deo
286 2414 350 2465 libri
367 2413 421 2476 III,
440 2411 619 2466 EVGENIVS
639 2411 858 2466 TCLETANVS.
876 2411 925 2464 Ed.
944 2413 976 2464 R.
995 2412 1163 2465 PEIPER.

146 2480 308 2534 FAVSTVS
328 2484 355 2534 at
372 2480 595 2538 PASCHASIVS.
613 2481 662 2534 Ed.
681 2485 714 2534 A.
733 2479 1057 2535 ENGELBRECHT.

147 2549 375 2604 FVLGENTIVS
394 2551 599 2604 RVSPMNSIS.
619 2549 669 2606 nd.
688 2549 720 2602 G.
741 2548 943 2604 wissown.

145 2617 393 2673 HIERONYMVS.
414 2621 562 2688 Epistulae,
583 2619 661 2672 Vibae
672 2619 752 2672 Pauli
765 2618 913 2670 Hilarionis
923 2618 1023 2671 Malohi
1036 2618 1236 2684 monachorum,
1248 2617 1384 2687 Dialogus

216 2691 308 2740 contre
326 2689 517 2752 Lucil'erianos,
535 2688 576 2741 De
595 2694 722 2756 perpetua
741 2688 903 2755 uirginitate
921 2687 1028 2750 Mariae,
1048 2687 1182 2741 Adversus
1200 2687 1383 2753 louiniauum,

217 2758 319 2809 Contra
338 2757 527 2824 Vigilantium,
548 2758 647 2811 Contra
671 2757 817 2810 Iohannem
836 2755 1121 2824 Hierosolymitanum,
1141 2756 1274 2811 Adversus
1299 2756 1383 2808 libros

216 2825 316 2888 Rufini,
335 2827 469 2878 Adversus
488 2826 656 2894 Pelagianos
674 2825 716 2878 De
735 2825 800 2877 uiris
819 2825 982 2877 inlustribus
1010 2829 1081 2891 (cnm
1099 2823 1233 2878 Gennadli
1257 2825 1327 2878 libro
1351 2825 1383 2878 de

218 2895 286 2946 uiris
304 2895 487 2960 Inlustribus).
507 2895 555 2947 Ed.
575 2895 607 2948 A.
625 2893 979 2948 REIFFERSCHIIID.

251 2963 396 3018 Comment.
425 2965 454 3016 in
485 2980 579 3031 enang.
604 2964 752 3024 Matthaei,
776 2963 877 3016 Comm.
908 2965 936 3014 in
961 2962 1039 3015 Pauli
1062 2962 1204 3030 epistolas,
1230 2963 1382 3016 Translatio

217 3033 390 3085 homiliarum
410 3033 536 3099 Origcnis
556 3039 583 3084 in
603 3033 711 3086 Lucam.
730 3033 779 3084 Ed.
798 3031 829 3084 P.
849 3029 1044 3085 CORSSEN.

148 3117 322 3172 HILARIVS
342 3119 603 3173 PIC'IAVIENSIS.
625 3117 1055 3173 animumanimumum
1075 3117 1101 3171 S.
1121 3118 1381 3174 SEDLMAYER.

144 3187 318 3242 IVLIANVS
335 3186 528 3246 POMMtIVS.
547 3189 596 3240 ild.
615 3188 638 3242 I.
657 3188 693 3240 M.
713 3187 979 3242 STOWASSER.

144 3256 270 3311 IVLIVS
290 3257 522 3310 HILARIANVS.
541 3258 589 3311 Ed.
609 3257 668 3310 Nic.
688 3256 895 3308 MVELLER.

145 3326 333 3381 IVVENCVS.
353 3325 401 3378 Ed.
420 3326 441 3378 Ι.
460 3325 641 3379 HVEMER.

146 3394 382 3449 LAOTINTIVS.
402 3395 449 3447 Ed.
469 3394 500 3447 G.
520 3393 755 3448 LAVBMANN
773 3396 800 3446 et
818 3395 844 3446 S.
864 3392 1043 3448 BRANDT.

147 3463 314 3517 MAXIMVS
327 3463 583 3526 ,unvuinnusis
602 3465 650 3516 Ed.
668 3467 700 3518 A.
721 3462 1007 3517 SCHEINDLER.

148 3532 310 3586 OPTA'I'VS
328 3531 588 3587 MILEVI'FANVS.
608 3534 656 3585 Ed.
676 3533 734 3587 Car.
754 3532 897 3588 ZIWSA.
1119 3547 1120 3551 ’

146 3600 334 3655 PACIANVS.
351 3602 399 3656 Ed.
419 3601 478 3655 Nic.
497 3602 706 3656 MVELLER.

145 3669 374 3724 PASCHASIVS.
394 3671 443 3722 Ed.
462 3673 494 3724 A.
512 3669 840 3726 ENGELBRIICHT.

146 3739 330 3794 PAVLINVS
348 3738 525 3793 NOLANVS.
543 3740 593 3795 nd.
613 3741 684 3795 Guil.
705 3739 884 3793 HARTEL.

143 3807 427 3863 PRISCILLIANVS.
447 3808 589 3861 Maximam
599 3814 703 3877 partem
715 3823 799 3874 nuper
811 3809 911 3864 deterit
921 3812 1074 3880 primusque
1087 3811 1125 3864 ed.
1140 3810 1170 3865 G.
1185 3809 1228 3865 SC
1237 3812 1289 3865 HE
1298 3812 1320 3866 P
1329 3814 1378 3869 ὃὸ.

146 3876 313 3930 RVFINVS.
332 3877 382 3931 Ed.
400 3878 429 3930 F.
449 3876 625 3930 WROBEL
643 3883 671 3931 et
689 3879 720 3932 B.
739 3876 874 3932 NIESE.

145 3945 494 4000 immurmurantium.
514 3947 545 3999 A.
565 3947 923 4002 REIFFIIRSCHMID.

145 4014 380 4067 VALERIANVS
399 4014 641 4069 CIMELIENSIS.
660 4017 709 4073 Ed.
728 4017 750 4069 Ι.
769 4017 807 4070 M.
828 4016 1085 4072 STOWASSER.

146 4083 380 4148 manuumve,
409 4083 580 4136 MVSTICVS
609 4085 787 4138 ELPIDIVS.
819 4085 868 4138 Ed.
886 4085 930 4140 W.
948 4086 1028 4138 ΒΗΑ
1037 4085 1157 4141 NDES.

146 4151 366 4208 VINonvas
384 4152 610 4206 LERINENSIS.
629 4154 678 4208 Ed.
697 4153 921 4210 HIIINRICH.

624 4344 891 4398 „qam
